2430 3922
83 341 202 419 aetatiS,
230 338 379 399 Andronis
404 333 443 415 (o.
463 332 583 421 LXIII),
611 339 703 398 Aristi
731 337 864 416 chirurgi
888 331 927 418 (c.
947 332 1100 421 CCVIIII),

82 428 150 490 Iulii
173 422 290 507 Bassi¹)
315 421 353 508 (c.
374 421 494 510 CXXI),
518 421 643 510 Cassii)
668 421 708 508 (o.
727 425 813 488 CXX.
837 420 1005 510 CLXXVI),
1030 427 1099 488 Ilio·

83 519 160 596 nysii
188 515 322 594 chirurgi
351 509 390 596 (c.
414 510 544 598 CCXII),
576 515 723 594 Euelpisti
751 515 885 594 chirurgi
914 511 953 598 (c.
974 513 1100 598 CCXV),

83 605 221 684 Glyconis
248 603 381 683 chirurgi
404 598 444 685 (o.
463 598 574 686 CCVI),
602 603 744 665 Marciani
768 597 808 687 (c.
828 597 1010 688 CLXXVII),
1039 603 1099 665 Ille-

82 697 158 772 getis
192 693 326 771 chirurgi
359 687 398 774 (o.
423 692 505 754 CCII.
540 688 775 774 CCXXXVIIII),
808 692 910 754 Musae
942 686 1099 774 Antonii)

83 779 122 863 (o.
142 776 221 865 CX),
254 781 352 842 Paccii
384 780 522 843 Antiochi
554 777 594 862 (c.
618 780 814 845 LXXXXVII.
844 780 936 842 CLVI.
970 775 1099 864 CCXX),

83 871 229 931 Thraseae
250 870 383 948 chirurgi
403 866 443 950 (o.
458 868 567 933 CCIIII.
587 864 724 953 CCVIII),
746 870 853 950 Zopyri
872 866 911 953 (o.
926 865 1098 955 CLXVIIII)

82 960 273 1038 deprompsit.
321 958 379 1018 Sed
404 961 491 1019 etiam
515 959 686 1021 bominibus
710 977 727 1020 a
749 958 905 1038 disciplina
930 959 1098 1021 medicinae

82 1046 168 1125 longe
192 1049 327 1128 semotiS,
357 1049 408 1126 qui
432 1066 467 1108 ex
491 1067 549 1109 usu
572 1066 715 1129 prospere
739 1048 875 1109 datorum
899 1048 1098 1110 medicamen·

81 1144 181 1195 torum
210 1153 345 1214 magnam
374 1136 480 1196 lamam
506 1137 648 1216 tulerant,
677 1148 711 1198 ut
734 1155 835 1198 secum
859 1136 907 1198 illa
932 1141 1097 1200 communi·

81 1232 197 1305 carent,
225 1227 321 1304 pretio
346 1225 425 1304 quod
449 1225 690 1286 desideraverant
717 1225 785 1286 dato
814 1228 976 1308 persuasit,
1003 1226 1098 1288 veluti

81 1313 217 1393 colicam,
251 1331 307 1392 qua
340 1314 516 1375 muliercula
544 1314 689 1393 quaedam
716 1309 818 1394 111164)
847 1313 957 1375 Romae
985 1314 1098 1376 multos

81 1410 248 1484 sanaverat,
277 1410 307 1463 et
334 1403 500 1464 remedium
533 1403 568 1463 ad
601 1405 683 1464 canis
716 1401 828 1463 rabiosi
859 1418 1005 1484 morsum,
1037 1422 1096 1483 quo

80 1490 239 1552 barbarum
273 1492 420 1570 quendam
454 1493 485 1550 in
518 1491 614 1552 insula
644 1491 731 1552 Creta
763 1493 809 1552 uti
841 1492 1006 1574 audiverat,
1041 1511 1096 1572 pro

80 1597 186 1658 magno
210 1599 335 1641 munere
359 1575 510 1662 aceepit.⁵)

168 1668 272 1729 Lahne
297 1670 454 1748 scripsisse
479 1668 679 1750 Scribonium,
703 1687 763 1729 non
782 1667 903 1750 Graece,
927 1677 960 1730 ut
984 1668 1096 1731 Corna-

79 1750 176 1839 nusi)
197 1759 313 1838 statuit,
332 1757 413 1818 bunc
429 1756 540 1818 librum
554 1757 590 1818 ab
605 1759 670 1836 ipso
685 1765 805 1818 auctore
821 1756 933 1818 Graece
947 1759 1096 1838 scriptum

78 1844 275 1904 Valentiniani
298 1847 486 1923 imperatoris
510 1846 695 1925 temporibus
719 1847 755 1907 ab
779 1847 942 1926 interprete
965 1847 1096 1925 quodam

79 1935 110 1993 in
138 1932 276 1992 Latinum
304 1933 480 1994 translatum
508 1953 574 1996 esse
603 1941 699 2015 ratus,
732 1934 819 1995 hodie
849 1952 935 1994 nemo
963 1935 1096 2017 negabit,

79 2022 131 2100 qui
159 2021 278 2082 dicendi
305 2040 400 2101 genus
428 2023 515 2102 paulo
543 2022 714 2102 diligentius
745 2023 964 2084 examinaverit.
1006 2023 1096 2095 Quod

79 2128 257 2189 quamquam
287 2129 303 2170 a
332 2110 461 2172 Cornelii
489 2111 568 2172 Celsi
600 2120 694 2172 aetate
725 2111 812 2190 paulo
841 2113 1005 2191 superioris
1036 2113 1095 2174 616-

79 2201 176 2277 gantia
204 2199 332 2261 multum
355 2199 456 2277 distat,
486 2201 560 2261 nibil
588 2209 686 2261 tamen
714 2199 817 2281 hahet,
846 2201 924 2278 quod
953 2200 989 2261 ab
1013 2201 1095 2263 illius

79 2288 190 2349 saeculi
212 2290 338 2370 medico,
362 2291 471 2369 quippe
495 2291 548 2368 qui
570 2307 671 2350 rerum
695 2290 858 2367 cognitioni
882 2307 970 2368 quam
989 2291 1095 2352 verho-

77 2395 145 2437 rum
160 2380 277 2438 ornatui
296 2378 363 2456 plus
380 2378 495 2439 dederit
513 2396 628 2459 operae,
648 2379 767 2438 omnino
787 2379 826 2437 sit
845 2377 984 2458 alienum,
1003 2388 1096 2460 atque

78 2483 112 2523 ea
135 2464 277 2525 voeabula
301 2473 330 2526 et
354 2466 513 2546 dictiones,
543 2484 618 2545 quae
642 2484 710 2526 cum
734 2465 770 2526 ab
795 2465 923 2545 eleganti
946 2471 1096 2531 sermonis

76 2550 175 2612 Latini
208 2553 423 2613 consuetudine
456 2553 635 2615 abhorreant
672 2554 750 2632 apud
787 2554 925 2615 meliores
958 2558 1095 2619 eiusdem

77 2642 182 2701 aetatis
209 2643 371 2720 scriptores
398 2660 458 2702 non
487 2645 689 2726 reperiuntur,
717 2642 858 2703 cotidiani
882 2651 971 2723 atque
995 2645 1095 2724 plebei

77 2731 223 2789 sermonis
248 2747 313 2790 esse
337 2747 397 2790 non
420 2730 541 2791 difficile
565 2741 611 2792 est
634 2725 859 2813 demonstare.)

149 2902 174 2969 1)
199 2899 277 2954 cuius
300 2899 392 2969 libris,
417 2901 556 2972 (1111116111
579 2897 647 2971 eilge
669 2901 904 2970 inscribebantur,
929 2901 1039 2959 PIInins
1064 2907 1094 2960 ab

75 2970 253 3026 Dioscorides
272 2971 316 3025 usi
335 2974 408 3026 sunl.

76 3112 94 3164 d
113 3114 126 3166 t
147 3047 175 3113 2)
194 3060 277 3111 quem
291 3042 388 3166 CDeIsm
406 3042 664 3113 ingeniosissimum
684 3043 788 3098 saeculi
808 3044 850 3097 sui
869 3043 1011 3101 medlenm
1028 3047 1093 3101 lau-

96 3129 113 3166 6
143 3132 170 3182 p.
188 3120 229 3181 11,
250 3121 283 3170 37
325 3157 330 3167 .

148 3187 175 3252 3)
195 3185 229 3239 cf.
250 3184 303 3239 Dio
323 3182 397 3239 Coss.
416 3184 490 3253 LIII,
510 3191 553 3240 30.
591 3184 668 3240 Suet.
687 3184 759 3255 Aug.
779 3191 821 3240 59.

147 3256 176 3324 4)
195 3256 230 3309 cf.
250 3272 273 3310 c.
289 3254 396 3309 CXXII.

147 3328 175 3394 b)
195 3326 229 3381 cf.
250 3343 272 3382 6.
289 3325 404 3380 CLXXI.
424 3326 554 3382 CLXXII.

147 3400 174 3464 6)
193 3395 311 3465 praefat.
332 3397 369 3450 ad
386 3397 515 3452 Marcelli
532 3396 635 3452 librum
654 3398 689 3452 de
707 3396 922 3453 medicamentis
940 3417 968 3469 p.
983 3405 1009 3455 8.

149 3469 175 3535 l)
195 3467 331 3536 Exempla
350 3470 414 3522 sunt
431 3468 515 3522 haec:
535 3469 584 3523 ubi
602 3486 635 3524 ex
649 3475 803 3525 transverso
817 3468 934 3539 gingiua
953 3488 1091 3542 suppura-

75 3535 117 3592 vit
132 3536 222 3609 (LXI),
237 3538 333 3592 multis
347 3538 416 3594 11666
431 3538 578 3595 calamitas
593 3557 627 3596 eac
640 3545 795 3597 transuerso
809 3540 914 3597 oceidit
923 3541 1090 3615 (CCXXXI),

1000 3796 1034 3833 0
