2400 3922
516 164 736 232 -9g..

117 332 207 391 minis
230 331 307 414 fissi,
331 348 480 413 cerussae,
508 329 696 408 singulorum
723 347 751 408 p.
771 329 797 390 ll
820 328 888 412 1111,
917 330 1037 390 resin'ae
1061 338 1134 390 tere·

118 418 272 480 hinthinae
296 419 371 499 pli
394 418 461 501 Xil,
484 438 570 480 cerae
594 437 623 497 p.
643 418 669 478 ll
691 417 723 479 V.
767 417 842 479 Cera
866 426 897 479 et
920 419 1023 479 resina
1047 418 1136 498 lique·

120 508 209 589 liunt,
241 508 349 569 deinde
377 527 445 569 cum
472 509 668 587 refrixerunt,
700 507 861 589 raduntur3
895 509 977 568 sicca
1006 515 1038 568 et
1064 506 1137 568 hene

120 598 191 658 trita
214 598 384 658 adiciuntur
408 604 438 657 et
460 598 701 658 commiscentur.
868 647 871 655 ,

86 699 101 745 o
211 685 344 747 CCXLII.
368 685 569 766 Emplastrum
588 679 638 746 διὰ
656 682 786 763 coeptae
800 684 907 745 Graeci
923 685 1040 765 dicunt,
1060 685 1137 764 quod

121 776 291 836 cicatricem
320 775 416 836 ducit:
447 774 583 836 Cadmiae
611 773 709 852 pondo
737 772 826 855 libra,
855 773 1026 835 chalcitidis
1055 781 1137 834 ustae

120 863 219 942 pondo
238 863 322 924 libra.
353 862 432 924 llaec
452 871 592 924 teruntur
611 881 647 923 ex
665 863 727 922 vini
745 861 865 923 Falerni
883 863 1014 924 heminis
1033 862 1138 942 trihus,

121 951 215 1012 donec
239 951 397 1031 liquefacta
419 951 515 1012 mellis
538 951 667 1012 habeant
695 950 929 1029 spissitudinem.
975 949 1084 1012 Postea
1106 951 1138 1011 fit

121 1047 253 1099 ceratum
279 1058 314 1098 ex
338 1057 424 1100 cerae
452 1040 551 1118 pondo
580 1048 730 1120 quattuor,
758 1041 875 1100 resinae
904 1040 1011 1101 frictae
1041 1039 1137 1119 pondo

69 1138 102 1187 10
122 1135 272 1208 quattuor,
296 1127 351 1188 olei
375 1130 487 1189 murtei
509 1129 608 1208 pondo
632 1135 781 1209 quattuor.
824 1127 899 1189 Cum
927 1129 1137 1208 refrigeratum

121 1223 180 1297 est,
203 1215 319 1277 raditur
338 1225 368 1277 et
391 1219 534 1278 miscetur
557 1219 604 1296 iia,
628 1235 703 1297 quae
726 1219 757 1276 in
780 1219 924 1278 mortario
945 1225 1025 1278 sunt.
1064 1217 1137 1278 Sunt

122 1307 174 1385 qui
196 1304 354 1385 liquefacta
377 1306 451 1367 haec
473 1308 551 1388 ipsa,
579 1307 651 1367 dum
674 1305 784 1387 calent,
811 1308 956 1367 mortario
980 1307 1136 1387 superlun-

121 1394 197 1455 dunt
220 1397 313 1455 etita
338 1395 488 1475 subigunt.

211 1481 359 1546 CCXLlll.
403 1483 448 1544 Ad
480 1483 603 1563 papulas
636 1485 668 1544 in
700 1486 796 1562 capite
829 1483 1062 1544 effervescentes
1093 1481 1136 1542 vel

69 1579 101 1627 rs
123 1570 254 1652 qualibet
280 1580 365 1652 parte
394 1575 528 1652 corporis
556 1574 649 1633 totius
676 1572 873 1651 porriginem:
907 1572 1029 1652 Staphis
1060 1573 1142 1650 agria

122 1663 192 1722 trita
220 1667 251 1721 et
279 1663 392 1722 nitrum
419 1661 576 1723 decoctum
604 1663 709 1722 tritum
736 1663 801 1739 pari
828 1678 985 1742 mensura,
1012 1663 1136 1722 inmixto

122 1749 187 1810 oleo
202 1760 232 1809 et
246 1751 315 1808 vino
331 1758 460 1831 austero,
479 1759 547 1810 ante
567 1749 792 1827 desudationem
812 1751 948 1829 corporis
968 1768 1003 1810 ac
1021 1758 1137 1829 postea3

122 1840 193 1897 item
227 1836 344 1897 alumen
378 1837 522 1918 liquidum
552 1857 587 1899 er
621 1847 705 1899 aceto
733 1838 869 1916 staphide
902 1840 985 1916 agria
1016 1838 1138 1899 adiecta.

122 1925 166 1986 hd
194 1924 367 2004 epiphoram
392 1944 463 1986 vero
492 1934 555 1987 toto
583 1945 709 2007 corpore
738 1926 983 1988 effervescentem
1011 1926 1137 1987 medica·

69 2021 103 2070 20
122 2022 256 2075 mentum
279 2015 409 2093 prodest.

212 2102 373 2164 CCXLllll.
397 2102 441 2164 hd
460 2107 559 2183 ignem
574 2122 692 2165 sacrum
708 2104 898 2166 coriandrum
916 2123 971 2183 per
986 2123 1018 2165 se
1033 2106 1139 2166 tritum

122 2191 198 2254 hene
227 2193 310 2274 lacit,
338 2201 384 2254 est
411 2195 492 2254 enim
518 2212 569 2253 res
597 2195 708 2274 virosa,
736 2193 783 2253 vel
811 2212 880 2254 cum
910 2212 1001 2275 pane;
1035 2193 1138 2254 eodem

122 2283 210 2343 modo
235 2290 265 2343 et
288 2291 387 2344 menta
410 2283 533 2362 prodest
556 2291 586 2342 et
610 2285 686 2343 cinis
710 2283 746 2343 de
770 2281 846 2342 filice
870 2282 947 2343 lacta
971 2301 1049 2362 aqua
1072 2300 1138 2344 con-

123 2389 225 2449 spersa
255 2371 385 2433 oblinita.
431 2372 504 2432 ltem
535 2370 657 2432 Cimolia
690 2379 771 2432 creta
804 2389 876 2431 suco
909 2369 1006 2432 solani
1037 2371 1137 2432 diluta.

69 2463 103 2511 25
122 2458 160 2518 Et
183 2478 237 2536 per
261 2478 293 2519 se
317 2460 451 2521 solanum
474 2458 520 2519 vel
544 2478 613 2520 cum
635 2478 711 2538 pane
735 2459 865 2537 prodest.

212 2546 343 2606 CCXLV.
381 2547 425 2606 hd
453 2548 552 2623 ignem
581 2566 699 2608 sacrum
723 2547 798 2608 bene
827 2549 898 2609 lacit
924 2548 982 2609 hoc
1012 2549 1137 2609 medica-

123 2642 270 2694 mentum:
293 2633 387 2694 Rutae
402 2635 505 2694 viridis
524 2636 621 2713 pondo
641 2637 744 2716 triens,
763 2655 885 2715 spumae
905 2638 1022 2715 argenti
1040 2635 1137 2716 pondo

123 2721 189 2805 th,
218 2724 294 2784 aceti
322 2725 470 2783 sextarius
498 2741 590 2806 unus,
617 2724 674 2784 olei
697 2725 802 2785 viridis
830 2726 978 2785 sextarius
1006 2721 1139 2805 <unus>.

124 2812 198 2874 Cum
222 2814 298 2873 aceti
321 2820 405 2891 parte
426 2810 484 2891 [in]
505 2831 610 2894 spuma
634 2822 663 2876 et
686 2822 754 2875 ruta
776 2823 925 2893 teruntur,
949 2813 1046 2874 donec
1065 2814 1138 2875 levia

70 2913 104 2961 30
124 2902 208 2983 liant3
232 2912 334 2981 postea
354 2902 433 2982 quod
453 2912 591 2982 superest
610 2905 686 2965 aceti
704 2903 819 2964 vicibus
838 2921 907 2963 cum
922 2901 987 2962 oleo
1002 2901 1138 2964 adicitur.

213 2990 358 3052 CCXLVl.
383 2991 466 3054 Facit
483 3003 512 3053 et
530 2993 587 3053 hoc
607 2991 854 3053 medicamentum
870 2991 959 3052 hene:
979 2989 1140 3070 Sulphuris

123 3080 195 3159 vivi,
219 3081 293 3157 opii,
318 3080 503 3158 singulorum
526 3080 625 3158 pondo
644 3082 809 3161 semuncia,
834 3097 956 3159 spumae
980 3089 1139 3159 argenteae

196 3252 227 3300 11
248 3247 283 3301 iis
302 3250 414 3317 scripsi:
434 3249 478 3302 his
492 3248 528 3303 R.
593 3254 626 3302 15
645 3248 818 3317 porriginem
835 3251 998 3306 vocabulum
1017 3252 1091 3320 quod
1109 3252 1140 3306 io

123 3317 214 3371 iudice
233 3333 289 3371 mom
307 3320 395 3374 estio
413 3319 595 3387 suspicionem
612 3319 720 3373 vocavit
732 3319 821 3375 Rhod.
892 3326 925 3377 16
943 3320 1065 3377 inmixto
1080 3338 1139 3391 epo:

124 3387 153 3441 in
172 3387 260 3441 mixto
280 3389 314 3442 R.
389 3394 423 3442 20
441 3395 504 3458 post
521 3389 638 3457 prodest
656 3391 813 3458 compositio
830 3392 1003 3448 intercidisse
1021 3394 1139 3449 videtur.

123 3465 159 3516 26
178 3458 257 3514 Haec
277 3460 433 3526 compositio
451 3461 483 3514 io
500 3459 529 3513 R
553 3460 705 3528 capitulum
727 3463 854 3528 superius
872 3464 1024 3529 antecedit;
1047 3480 1141 3520 oerum

124 3532 247 3586 ordimem
265 3530 386 3585 restituit
404 3530 492 3584 Rhod.
566 3535 601 3585 28
620 3547 691 3585 unns
710 3532 815 3586 addidi.
889 3539 922 3586 29
942 3533 972 3586 in
990 3550 1042 3590 om.
1062 3536 1105 3591 M.
