2400 3922
484 208 683 274 -5-

70 373 165 432 totius
188 373 263 432 artis
287 373 488 451 perceptione,
512 389 570 450 qua
593 371 707 433 homini
731 374 923 454 permittitur,
947 375 1087 436 iudicavi-

70 479 149 541 mus,
170 461 241 540 quia
260 478 297 520 en
315 459 371 520 hac
390 461 488 520 omnia
507 460 661 521 commoda
679 478 734 520 nos
753 469 968 522 consecuturos
988 466 1087 525 existi·

71 548 236 628 mabamus,
253 566 315 608 non
333 548 553 609 mediusfidius
568 556 628 609 tam
642 549 726 609 ducti
743 551 887 627 pecuniae
907 560 958 611 aut
976 551 1087 629 gloriae

70 637 238 717 cupiditate
265 655 354 715 quam
381 638 477 715 ipsius
504 639 577 697 artis
605 639 737 698 scientia.
783 637 921 717 Magnum
949 641 1028 699 enim
1057 648 1088 700 et

71 744 165 806 supra
192 725 324 786 hominis
350 732 486 786 naturam
509 725 648 786 duximus
676 744 764 804 posse
788 725 916 806 aliquem
940 729 1019 788 tueri
1041 727 1122 790 velo

70 815 243 894 reciperare
276 831 360 874 suam
387 822 418 875 et
449 815 539 875 unius
571 815 716 893 cuiusque
745 814 851 876 bonam
880 815 1086 877 valetudinem.

70 903 176 982 ltaque
203 911 240 964 ut
266 903 374 962 ceteris
406 901 542 981 partibus
569 903 756 983 disciplinae,
787 906 828 964 ita
861 904 931 965 huic
960 921 1088 984 quoque,

71 1009 149 1072 quae
181 1009 238 1071 per
268 989 484 1052 medicamenta
513 992 655 1052 virtutem
687 1010 771 1052 suam
803 993 937 1074 exhibet,
970 996 1088 1054 curiose

69 1081 251 1160 institimus,
279 1097 313 1139 eo
337 1081 432 1158 magis
455 1079 534 1158 quod
562 1080 801 1159 percipiebamus
829 1083 860 1142 in
883 1083 947 1142 dies
971 1101 1007 1143 ex
1031 1100 1088 1143 usu

69 1168 228 1248 proiectus
246 1170 319 1249 eius,
338 1186 413 1246 quos
431 1169 581 1229 interdum
602 1186 692 1247 supra
711 1170 799 1230 iidem
814 1179 903 1249 atque
918 1173 1086 1250 opinionem
1108 1184 1140 1232 10

69 1257 272 1336 plurimorum
294 1256 515 1318 exhibebamus.
561 1256 620 1317 Sed
644 1258 715 1336 quid
744 1257 821 1318 ultra
847 1276 923 1337 opus
947 1269 992 1319 est
1019 1278 1087 1338 pro·

69 1345 143 1407 bare
167 1348 371 1406 necessarium
398 1363 487 1407 usum
511 1364 577 1406 esse
602 1345 899 1426 medicamentorum,
926 1349 1087 1426 praecipue

70 1434 140 1514 tibi,
170 1436 223 1513 qui
251 1436 319 1514 quia
347 1436 510 1512 percepisti
536 1434 695 1495 utilitatem
719 1453 836 1516 eorum,
863 1435 976 1496 idcirco
1000 1453 1016 1495 a
1039 1454 1087 1496 me

70 1524 295 1601 conpositiones
310 1522 453 1600 quasdam
470 1519 594 1600 petisti?
626 1522 688 1601 Ego
703 1531 802 1583 autem
820 1541 935 1583 memor
953 1523 1087 1583 humani-

70 1613 141 1673 tatis
169 1619 240 1672 tuac
263 1611 460 1690 candorisque
488 1612 578 1671 animi
606 1614 663 1690 tui,
692 1629 780 1690 quem
804 1612 942 1672 omnibus
965 1612 1087 1690 quidem
1107 1623 1140 1672 15

70 1699 245 1760 hominihus
268 1698 369 1780 plene,
396 1699 469 1759 mihi
492 1707 592 1760 autem
616 1701 704 1759 etiam
731 1698 921 1778 peculiariter
944 1709 1087 1782 praestas,

70 1806 131 1849 non
164 1786 263 1849 solum
291 1806 364 1866 quas
393 1787 582 1868 desiderasti,
610 1805 714 1848 verum
743 1790 830 1848 etiam
861 1791 887 1850 si
915 1807 988 1868 quas
1016 1788 1087 1850 alias

71 1884 212 1956 expertas
230 1879 262 1937 in
280 1878 432 1955 praesenti
449 1876 554 1957 habui,
573 1879 604 1936 in
621 1877 703 1937 hunc
716 1876 827 1938 librum
841 1877 963 1938 contuli.
994 1876 1087 1958 Cupio

71 1967 151 2026 enim
174 1965 292 2026 medius
315 1965 418 2046 fidius,
442 1984 500 2045 qua
523 1983 659 2046 possum,
685 1973 754 2026 tuae
778 1967 809 2025 in
832 1985 879 2026 me
903 1975 963 2026 tam
987 1985 1087 2045 perse·

70 2055 188 2115 verenti
210 2053 434 2114 benevolentiae
457 2052 640 2132 respondere
664 2054 783 2114 adiutus
807 2057 887 2115 omni
913 2065 1047 2134 tempore
1071 2067 1141 2117 ano

70 2150 109 2223 te,
132 2143 295 2222 praecipue
319 2160 389 2202 vero
413 2142 460 2203 his
483 2141 598 2203 diebus.
635 2141 673 2203 Ut
695 2145 825 2220 primum
850 2144 929 2202 enim
953 2146 1087 2225 potuisti,

70 2249 131 2292 non
155 2249 189 2291 es
212 2248 319 2309 passus
342 2248 460 2291 cessare
484 2240 552 2291 tuae
576 2249 645 2309 erga
669 2249 715 2290 me
733 2229 853 2310 pietatis
872 2231 1005 2291 officium
1028 2240 1087 2291 tra-

71 2319 170 2380 dendo
194 2321 305 2398 scripta
332 2337 398 2379 mea
426 2318 517 2380 latina
544 2317 730 2379 medicinalia
753 2319 808 2378 deo
832 2327 935 2378 nostro
959 2318 1087 2401 Caesari,

73 2426 201 2487 quorum
234 2415 412 2486 potestatem
445 2407 500 2468 tibi
532 2408 673 2487 feceram,
701 2414 735 2467 ut
766 2409 830 2487 ipse
860 2409 944 2485 prior
971 2407 1087 2487 legeres

70 2496 307 2576 simpliciterque
340 2497 488 2557 indicares
520 2494 607 2576 mihi,
642 2495 714 2574 quid
747 2498 887 2557 sentires:
924 2497 1087 2575 plurimum
1105 2507 1140 2558 25

72 2587 151 2646 enim
175 2584 286 2646 iudicio
309 2592 362 2645 tuo
385 2584 495 2645 tribuo.
531 2583 577 2644 Tu
600 2601 691 2662 porro
711 2584 920 2671 candidissimo
940 2589 1038 2647 animo
1057 2594 1088 2646 et

71 2691 141 2752 erga
164 2691 213 2734 me
237 2672 518 2734 benevolentissime
542 2671 725 2751 diligentiam
747 2692 844 2734 meam
868 2675 923 2736 sub
942 2678 1017 2736 tanti
1035 2692 1087 2735 no·

71 2763 161 2822 minis
185 2760 316 2822 editione
339 2779 399 2821 non
422 2760 536 2841 verbis,
564 2761 616 2821 sed
641 2780 675 2822 re
698 2761 832 2841 probasti
859 2762 1086 2842 periculumque

70 2866 129 2910 non
158 2851 259 2911 minus
287 2861 320 2911 tu
349 2851 453 2911 iudicii
480 2867 569 2928 quam
593 2868 647 2929 ego
676 2850 737 2910 stili
763 2858 886 2929 propter
913 2868 961 2910 me
989 2850 1085 2925 adisti,

72 2956 130 3016 quo
149 2945 284 3017 tempore
305 2939 412 2999 divinis
430 2937 568 2999 manibus
586 2937 732 2998 laudando
751 2940 941 2997 consecrasti.
977 2937 1086 2997 Fateor
1103 2947 1139 2996 30

72 3027 174 3107 itaque
196 3025 324 3088 libenter
343 3029 448 3088 unicas
465 3044 513 3087 me
532 3026 587 3087 tibi
606 3029 715 3105 gratias
734 3043 830 3105 agere,
854 3024 933 3104 quod
952 3032 982 3085 et
1000 3027 1085 3103 prins

142 3220 236 3284 tque
257 3215 361 3271 Rbodz
389 3215 445 3284 qui.
466 3215 493 3269 L
516 3232 589 3284 quae
612 3215 647 3270 R.
729 3219 747 3266 4
769 3211 904 3266 scientiae
924 3210 1084 3268 Oornariua.

72 3291 88 3339 5
106 3284 154 3340 vel
174 3285 213 3340 M
216 3305 224 3339 ε
243 3289 272 3340 et
289 3285 325 3341 R.
400 3292 416 3340 6
434 3287 589 3356 reciperare
607 3285 659 3338 L¹=
680 3298 844 3352 recuperare
862 3282 943 3337 L’R.
1015 3282 1085 3339 vali·

71 3356 199 3411 tudinem
218 3356 259 3411 11²
275 3357 362 3412 valet.
381 3357 430 3411 L¹.
503 3362 537 3411 14
555 3355 654 3426 petisti
671 3354 710 3408 L:
735 3353 845 3424 petiisti
862 3353 898 3407 R.
973 3360 1006 3409 16
1023 3353 1084 3424 ple-

70 3426 188 3482 nissime
211 3427 254 3482 M.
332 3432 367 3482 20
392 3425 598 3482 benivolentiae
620 3425 689 3480 ΒΕ.
715 3493 721 3505 ⁸
767 3431 801 3479 21
820 3424 882 3505 istis
901 3440 955 3494 pro
972 3425 1016 3479 his
1040 3425 1084 3478 M.

73 3502 108 3553 25
119 3503 183 3568 poet
197 3498 316 3554 sentires
330 3500 394 3554 add.
404 3499 439 3552 de
453 3496 498 3552 his
512 3499 554 3554 M.
609 3502 643 3551 27
657 3495 919 3551 benivolenttssimo
932 3495 966 3550 L.
1021 3494 1084 3550 dili-

73 3566 200 3639 gentium
219 3585 312 3626 meam
332 3585 382 3625 om.
403 3570 447 3625 M.
520 3575 553 3624 29
572 3572 605 3622 tu
622 3567 782 3623 Buecheler:
801 3567 844 3622 tui
862 3565 937 3622 ΕΜ.
