2400 3922
110 165 153 230 92
376 161 472 240 XLIV.
498 161 671 232 Hieronymo
690 159 854 236 Seripando.

108 326 160 392 nis
192 329 225 390 et
257 325 372 390 diebus
400 319 559 389 rationem
587 323 681 408 duco,
713 320 807 386 uideo
835 323 919 405 fore,
951 324 988 385 ut
1017 317 1117 386 idibus

109 413 196 480 Sext.
228 418 286 479 aut
319 413 415 498 plane
447 413 617 478 absolutus
650 412 691 475 ab
725 409 881 494 operariis
913 409 1038 475 nostris
1069 415 1119 474 aut

108 502 192 568 inibi
225 503 277 567 sit.
326 503 436 586 itaque
468 501 566 566 uelim
598 499 772 586 significes,
804 503 885 584 quot
916 499 958 562 ad
990 502 1026 562 te
1058 499 1120 563 eius

109 591 259 676 exempla
283 595 315 656 et
343 590 392 655 oui
422 589 490 654 dari
518 588 607 653 uelis.
654 588 798 652 chartam
824 585 999 672 probabis,
1027 587 1122 652 habet

82 679 197 744 sanim
220 678 465 764 amplitudinem
488 681 521 741 et
544 676 747 761 elegantiam,
769 697 864 759 spero
888 674 976 740 item.
993 673 1120 760 reliqua.

110 768 273 833 mitterem
301 766 346 831 lo.
369 765 513 830 Antonio
542 763 743 848 bibliopolae
773 767 891 829 uestro.
942 764 1001 828 sed
1029 765 1121 829 homo

111 861 173 939 est,
201 855 287 939 quod
309 854 394 918 inter
420 875 480 917 nos
503 852 625 917 dietum
648 853 704 938 sit,
732 851 842 936 paullo
866 853 906 916 ad
930 874 1001 917 rem
1024 857 1122 917 atten-

109 944 187 1026 tior,
215 963 311 1026 quam
334 941 459 1006 uellem.
506 940 569 1005 nisi
592 941 738 1005 remittat
762 939 885 1024 aliquid
908 941 948 1004 de
972 961 1032 1006 sua
1055 962 1122 1006 oon·

110 1029 286 1115 suetudine,
310 1029 366 1094 uix
385 1033 467 1113 puto
485 1028 570 1094 inter
588 1051 648 1094 nos
666 1052 762 1114 posse
781 1029 963 1093 conuenire.
1001 1036 1122 1095 uerum-

69 1138 96 1178 ro
110 1123 218 1183 tamen
248 1117 326 1202 quid
358 1117 398 1182 ad
426 1118 509 1183 nos?
550 1122 679 1182 utamur
708 1118 785 1202 alio,
818 1117 874 1201 qui
904 1140 938 1182 se
969 1119 1123 1201 praebeat

108 1206 294 1290 aequiorem
328 1205 363 1270 in
394 1206 619 1293 transigendo,
651 1206 765 1270 deinde
798 1206 921 1270 bonum
954 1206 1064 1271 uirum
1091 1207 1122 1270 in

108 1294 171 1358 fide
190 1295 391 1378 praestanda.
417 1295 504 1378 quod
522 1299 629 1359 totum
647 1294 837 1379 prudentiae
851 1298 927 1359 tuae
947 1295 1120 1360 committo.

108 1381 197 1446 Vale.
243 1382 390 1448 Venetiis
415 1383 552 1468 [MDLX
574 1388 648 1448 ante
672 1405 815 1447 mensem
837 1380 1051 1469 Augustum}

560 1810 673 1875 XLIV.

69 1971 95 2012 a
109 1950 344 2034 Hieronymo
366 1950 578 2034 Seripando
601 1949 798 2016 Cardinali
820 1958 947 2018 creato
968 1954 1122 2020 Romam

556 2052 670 2126 (ω).

198 2181 229 2247 Α
262 2203 326 2267 quo
358 2180 500 2266 primum
535 2187 681 2267 tempore
719 2180 841 2265 aliquid
877 2203 1005 2267 sapere,
1042 2183 1122 2249 idest

111 2295 130 2334 a
153 2272 245 2358 uulgi
269 2271 478 2355 opinionibus
502 2270 670 2337 dissentire
693 2269 799 2353 ooepi,
823 2291 950 2354 semper
972 2271 1021 2336 ita
1044 2272 1121 2337 iudi·

111 2360 195 2441 oaui,
236 2360 340 2424 multo
378 2382 446 2425 esse
483 2360 662 2442 optabilius
700 2358 867 2442 multoque
904 2360 1122 2442 praestantius

69 2465 97 2505 ao
110 2446 263 2528 oonsequi
296 2447 451 2511 uirtutem
482 2447 601 2530 ipsam,
634 2467 730 2529 quam
763 2450 951 2511 ornamenta
982 2448 1122 2514 uirtutis.

108 2533 218 2615 itaque
241 2554 327 2597 nuno
350 2534 447 2598 allato
472 2533 510 2595 de
533 2537 590 2597 tua
613 2532 771 2617 dignitate
794 2535 923 2620 nuntio,
952 2557 1049 2620 quem
1072 2537 1123 2601 hia

108 2619 234 2705 ingenti
256 2620 381 2684 laetitia
404 2619 482 2683 boni
506 2641 616 2684 omnes
640 2627 849 2707 exceperunt,
875 2646 943 2689 non
968 2647 1045 2690 sane
1068 2631 1123 2691 tua

109 2729 220 2773 caussa
242 2707 356 2792 magis,
375 2728 471 2791 quam
490 2711 584 2771 antea
603 2729 663 2791 pro
687 2711 849 2775 eommuni
870 2712 999 2796 quidem
1015 2714 1123 2779 Eoole-

108 2797 174 2860 siae
197 2796 293 2879 bono,
316 2794 368 2859 oui
390 2799 518 2859 tantum
537 2817 576 2860 ex
593 2797 716 2862 honore
734 2802 792 2864 tuo
810 2801 973 2886 praesidii,
996 2807 1123 2868 tantum

69 2902 97 2944 aa
111 2883 292 2969 splendoris
328 2883 509 2969 accesserit,
544 2907 741 2972 magnopere
778 2910 850 2953 sum
886 2889 1034 2956 laetatus.
1088 2896 1124 2956 tu

111 2975 197 3040 enim
234 2974 262 3038 is
299 2993 346 3056 es,
383 2971 473 3038 ouius
505 2973 631 3041 animus
663 2978 743 3041 haec
774 2978 915 3042 humana
946 3001 1124 3063 numquam

111 3165 282 3221 sententiam
313 3164 480 3222 deducebat.
526 3166 557 3221 in
584 3167 709 3223 editione
741 3166 809 3219 anni
837 3172 905 3223 1561
935 3171 1123 3240 sequebaturz

111 3233 250 3304 siquidem
274 3237 412 3317 interesse
438 3237 584 3320 coniungit
612 3238 720 3308 potius,
749 3253 834 3317 quam
862 3239 978 3320 dirimit.
1016 3240 1123 3312 itaque,

110 3305 553 3446 llloilltlatlss‘lllultl
571 3308 931 3436 samaritissa*
944 3311 1123 3440 tanti

110 3394 175 3504 dum
197 3419 229 3502 ad
253 3450 377 3531 repetito
399 3423 514 3505 intendit
535 3452 586 3504 τοῦ
605 3397 743 3531 ,pignorata
780 3450 830 3531 sed
853 3451 979 3506 aluoinor
1002 3428 1124 3511 fortased

110 3520 140 3574 et
158 3521 229 3574 haee
247 3520 280 3574 tu
299 3536 412 3576 omnmo
430 3521 545 3590 melius,
564 3537 614 3588 qur
632 3519 706 3576 soles
724 3520 863 3576 interiora
881 3525 1060 3592 perscrutari.
