2430 3922
489 184 546 241 LV.
575 174 666 238 Mario
686 181 817 238 Corrado.

624 417 691 482 LV.

307 561 427 626 Mario
456 559 621 624 Corrado
649 555 855 641 Neapolim
879 565 951 640 (VII,
967 565 1003 632 1).

237 702 311 767 Etsi
333 724 393 767 nec
415 701 530 802 magis,
554 720 651 784 quam
674 699 771 786 soleo,
795 700 950 764 uacabam
974 701 1006 762 et
1025 697 1067 761 ad
1073 719 1166 798 'quo-

149 791 288 857 tidianas
316 790 544 873 occupationes
573 792 750 852 accesserat
780 810 856 853 cura
883 810 959 852 sane
987 786 1098 873 grauis
1126 809 1165 851 ex

122 879 284 945 einteritu
317 883 467 962 suscepta
433 876 631 941 tt'domes
607 877 664 940 troi
694 877 835 942 hominis
865 877 905 940 ad
933 898 1005 940 1111
1033 874 1166 961 negotia

150 969 359 1032 uehementer
382 970 465 1067 aptr
425 965 557 1030 111111
579 969 688 1030 tamen
711 988 819 1030 amore
841 965 1017 1117 impulsus,
1045 967 1165 1048 quote

150 1059 250 1139 propt
251 1077 286 1119 er
304 1055 427 1141 ingenii
446 1018 672 1138 doctrinaeque
689 1058 841 1138 praestan
841 1054 921 1117 tiam
939 1052 1076 1117 mirifico
1096 1073 1166 1117 sum

151 1143 348 1230 complexus,
371 1147 408 1208 ut
431 1143 588 1227 epistolae
610 1147 685 1207 tuae
703 1143 939 1226 responderem.
981 1162 1063 1225 quae
1086 1139 1166 1205 mihi

151 1232 354 1332 uoluptatem
382 1254 420 1296 10
448 1232 602 1296 maiorem
629 1254 648 1295 a
648 1231 796 1316 tttulera,
824 1230 951 1315 quodt
953 1252 969 1294 e
992 1228 1166 1312 Neapolim

110 1347 137 1386 10
147 1320 278 1386 uenisse
300 1343 361 1385 nec
383 1320 494 1385 1111111
513 1320 728 1384 discessurum
747 1319 895 1406 cognoui.
931 1318 1063 1402 saepius
1082 1317 1166 1382 enim

152 1413 185 1473 et
208 1409 406 1474 commodius
434 1410 519 1474 ultro
547 1408 692 1493 citroque
721 1411 849 1472 cursant
835 1408 925 1472 tibus
952 1407 1167 1491 publicista·

151 1497 331 1562 bellariist
317 1501 354 1563 tu
378 1497 416 1561 de
438 1520 520 1584 meo,
544 1519 604 1597 ego
629 1497 667 1561 de
690 1500 747 1562 tuo
766 1500 831 1561 stat
833 1519 854 1561 u
817 1496 1008 1561 taudiam.
1049 1494 1166 1560 Videre

152 1586 233 1650 mihi
257 1586 424 1651 uideorte
392 1586 591 1651 11011111
582 1609 616 1650 11
643 1585 762 1651 litteris
790 1607 867 1652 esse.
914 1585 1009 1668 cupio
1033 1606 1101 1649 nou
1123 1583 1167 1647 in·

153 1697 246 1740 anem
265 1697 334 1740 esse
353 1675 578 1740 coniecturam.
609 1679 647 1739 ut
664 1674 853 1759 1111111101
872 1674 1020 1757 equidem
1040 1676 1166 1756 spectro

112 1789 138 1829 15
153 1764 295 1828 delector
319 1767 352 1827 et
373 1763 539 1828 mirabiles
561 1762 697 1827 indust'
657 1767 738 1827 11111
761 1727 835 1826 luae
859 1762 944 1827 fruct
930 1767 984 1826 tus
1005 1765 1166 1845 exspecto.

153 1851 205 1916 Ad
227 1851 376 1915 Latinam
405 1873 482 1915 uero
509 1851 655 1935 linguam
685 1850 771 1935 quod
801 1850 931 1936 attinet,
958 1850 1040 1914 mihi
1068 1850 1168 1936 crede,

153 1939 222 2003 1111
247 1960 358 2003 caussa
380 1938 574 2004 laboramus.
620 1961 661 2003 an
684 1939 740 2002 illa
763 1939 836 2025 tibi,
859 1942 909 2003 tot
928 1942 1076 2004 ueterum
1099 1939 1169 2002 illu-

153 2031 255 2092 111111
287 2028 518 2112 monumentis,
555 2030 605 2092 tot
643 2027 740 2090 etiam
776 2027 992 2092 recentiorum
1029 2028 1168 2111 probata

153 2115 349 2181 testimoniis
373 2116 426 2180 uel
447 2121 559 2181 nostro
584 2115 636 2180 uel
660 2115 849 2200 cuiusquam
869 2138 963 2202 egere
987 2116 1168 2200 patrocinio

113 2231 141 2271 10
154 2204 306 2270 uidetur?
347 2204 499 2288 praesidii
528 2205 606 2270 satis
630 2208 726 2289 atque
749 2226 850 2288 opum
872 2205 907 2267 in
929 2204 1002 2288 ipsa
1025 2205 1169 2288 positum

154 2298 204 2358 est
231 2295 272 2357 ad
303 2294 505 2377 repellendas
536 2294 673 2358 istorum
703 2293 850 2377 iniurias,
883 2314 964 2377 quae
994 2298 1105 2357 tamen
1136 2293 1168 2356 in

153 2382 243 2464 ipsos
266 2382 420 2446 recidunt.
461 2404 536 2446 nam
560 2382 589 2446 ei
611 2404 706 2446 nemo
729 2381 900 2482 maledicit,
924 2381 980 2466 qui
1004 2404 1038 2446 11
1061 2382 1169 2466 ipsum

154 2469 301 2533 inscitiae
323 2492 390 2534 non
413 2471 610 2534 condemnet.
649 2471 782 2554 quod
759 2494 785 2535 11
808 2470 864 2535 lat
840 2475 926 2535 trnae
949 2470 1081 2556 linguae
1101 2493 1169 2554 spe-

155 2557 219 2622 cies
258 2562 291 2620 et
326 2557 548 2643 pulchritudo,
586 2579 667 2642 quae
680 2559 796 2711 tuulgi
829 2558 930 2623 oculis
966 2580 1034 2623 non
1070 2563 1170 2643 patet,

113 2644 306 2731 recognosci
334 2646 375 2709 ab
404 2645 555 2710 omnibus
583 2651 707 2730 posset,
735 2669 859 2712 amores
887 2647 1169 2734 incredibiles,
1135 2651 1169 2711 ut

154 2734 287 2798 illet
241 2733 300 2819 ait,
333 2733 488 2798 excitaret
517 2735 576 2798 sui.
621 2758 672 2799 me
705 2736 835 2819 quidem
867 2736 912 2800 sic
944 2736 1065 2821 affecit,
1099 2757 1169 2800 cum

153 2822 290 2888 tamen
281 2786 442 2909 integram
461 2822 530 2888 eius
547 2824 684 2888 formam
697 2825 840 2889 nondum
853 2824 1009 2911 nouerim,
1028 2789 1172 2890 eritrema

155 2911 311 2997 quaedam
338 2911 532 2977 lineamenta
559 2912 616 2977 uix
644 2913 861 3000 adspexerim,
888 2917 925 2978 ut
951 2877 1095 2998 reliquas
1118 2936 1169 2979 uo-

154 3002 298 3087 luptates
326 3004 542 3087 contemnam,
572 3023 645 3066 cum
673 3003 735 3066 hac
763 3006 796 3066 et
822 3001 857 3064 in
883 3002 944 3067 1111
971 3002 1115 3068 libenter
1139 3007 1169 3067 11

113 3114 142 3156 10
155 3089 293 3155 iucunde
316 3089 433 3155 uiuam.
471 3090 527 3174 qui
547 3111 623 3155 uero
647 3090 741 3155 aliter
760 3090 904 3155 sentiunt
927 3094 960 3154 et
983 3113 1089 3156 errare
1112 3113 1172 3157 101

156 3178 356 3265 existimant,
397 3178 557 3244 sexcentis
594 3201 650 3244 eos
686 3178 885 3265 argumentis
921 3179 998 3244 licet
1034 3181 1168 3264 refellas,

155 3287 271 3350 parum
303 3267 461 3350 proficies.
509 3268 595 3351 quod
628 3289 688 3353 ego
721 3290 794 3333 cum
826 3268 890 3332 iam
922 3268 1049 3351 pridem
1081 3269 1169 3334 intel·

154 3354 303 3439 lexerim,
335 3376 438 3438 pauca
471 3357 627 3440 quaedam
657 3356 772 3440 scripsi
802 3356 842 3420 ad
871 3355 1076 3422 indicandam
1104 3379 1169 3422 sen-

246 3551 279 3600 26
300 3543 449 3600 ‘excitaret
467 3545 522 3602 sui'
544 3547 600 3604 Cic.
620 3547 655 3602 de
674 3546 719 3604 off.
739 3548 763 3618 Ι,
780 3554 804 3604 5.
