2400 3922
347 185 495 244 LXXXIV.
518 185 638 243 Camillo
656 186 814 242 Palaeotto.
1027 192 1090 256 165

76 349 161 435 quod
190 372 245 415 me
278 349 343 414 tibi
373 349 490 414 debere
518 370 585 413 non
612 349 711 414 confit
713 350 788 414 ear‘?
829 350 889 414 mit
890 355 924 415 to
951 352 1091 438 reliqua:

72 438 151 503 illud
173 437 322 504 omnium
340 437 517 503 maximum
539 459 599 502 nec
617 437 801 502 meminisse
824 460 883 503 nec
906 442 1090 522 praedicare

72 548 226 613 umquam
255 527 414 612 desinam,
442 526 530 610 quod
556 525 637 590 milri
663 548 730 590 non
757 527 862 591 solum
893 527 1011 594 bibliot
997 530 1091 597 theca

72 621 135 703 tuc,
158 615 249 681 omm'
273 637 378 700 prope
401 615 519 680 referta
541 614 701 680 librorum
724 637 850 702 genere,
873 616 930 680 sed
953 639 1003 703 11,
1027 641 1092 703 qua

72 703 220 805 excellis,
246 703 1131 804 (111111111111111111,111111,111111111111111111-5

72 792 256 876 1111111111,
285 815 366 877 quas
397 792 432 856 in
460 790 623 857 Ciceronis
654 797 724 857 1111
725 792 816 858 iones
843 793 898 859 diu
928 800 1005 859 noct
1007 818 1091 882 uque

72 889 160 968 texo,
190 881 367 965 posteritas
389 883 531 946 fructum
554 880 700 967 colliget,
728 903 802 946 eum
829 882 892 947 tibi
921 906 960 948 ex
984 885 1092 970 aliqua

73 976 179 1072 parte
192 973 361 1054 acceptum
388 971 507 1035 referre
535 969 660 1034 debeat.
706 969 790 1036 Sunt
817 972 904 1037 enim
934 974 1092 1058 quaedam

74 1060 200 1125 amissis
238 1058 406 1123 duodecim
438 1058 574 1144 tabulis,
611 1059 699 1123 omni
735 1082 838 1144 paene
866 1062 1092 1162 formularum,

73 1169 317 1234 responsorum,
347 1147 526 1212 edictorum
553 1148 713 1213 exstincta
739 1150 909 1234 memoria,
935 1152 982 1216 ita
1010 1163 1134 1217 com-1⁰

75 1238 194 1322 plicata
227 1241 260 1301 et
292 1235 420 1300 inuolut
406 1240 453 1321 11,
485 1240 535 1319 ut,
571 1236 634 1301 nisi
655 1236 840 1338 singularis
872 1202 1093 1305 iurisconsulti

74 1325 218 1411 scientia,
241 1346 302 1389 usu
320 1325 488 1389 confirmat
474 1328 517 1408 ta,
540 1325 661 1389 aucta
652 1326 793 1411 mgenio,
817 1327 969 1392 adhibeat
955 1332 1018 1412 tur,
1041 1352 1093 1394 ex-

74 1414 188 1500 plicari
213 1417 246 1478 11
271 1413 379 1478 euolui
398 1413 454 1476 uix
473 1417 529 1477 aut
551 1435 593 1477 nc
611 1413 667 1478 uix
691 1414 822 1499 quidem
840 1415 1001 1481 interdum
1020 1441 1092 1501 pos·

74 1505 144 1569 sint.
194 1501 337 1588 Agerem
360 1501 424 1566 tibi
447 1501 569 1587 gratias
592 1502 631 1566 de
655 1503 719 1567 isto
738 1525 884 1589 munere,
908 1505 935 1568 si
958 1506 1013 1568 uel
1035 1509 1092 1569 tua

73 1596 243 1677 pateretur
265 1589 465 1673 humanitas,
492 1590 545 1654 uel
574 1613 634 1677 ego
657 1591 686 1655 is
710 1613 826 1677 essem,
856 1593 913 1674 qui
940 1593 1023 1657 bene
1051 1594 1133 1657 (1116

72 1704 122 1746 me
150 1679 292 1746 merenti
320 1678 430 1744 uerbis
457 1679 568 1762 potius
599 1701 696 1762 quam
726 1702 761 1743 11
791 1679 993 1744 satisfactum
1023 1703 1092 1745 esse

73 1770 201 1835 uellem.
248 1767 404 1834 memoria
430 1768 548 1832 tuebor
576 1767 682 1832 officia
705 1771 771 1851 tua,
798 1768 899 1832 donec
927 1769 1092 1834 illucescat

70 1859 124 1923 1111
150 1857 230 1942 dies,
253 1861 290 1921 ut
312 1856 431 1921 referre
455 1856 594 1941 gratiam
616 1855 720 1921 liceat.
768 1857 856 1940 quod
879 1857 906 1922 si
931 1880 1092 1942 assequar,

70 1969 137 2012 non
160 1909 257 2010 dub'it
243 1949 292 2028 1ο,
321 1945 460 2028 quintu
465 1997 474 2031 ,
498 1967 594 2028 quem
616 1944 679 2008 tibi
706 1945 871 2010 hominem
898 1946 1092 2031 adiunxeris,

74 2057 148 2100 cum
188 2034 223 2098 in
224 2033 368 2118 telligas‚
403 2037 461 2098 tua
496 2037 662 2117 praestant
663 2033 889 2100 iliberalitat
841 2039 908 2100 1111
944 2037 1093 2119 beneque
1107 2044 1134 2086 2⁰

72 2122 192 2210 agendi
207 2126 341 2186 consuet
327 2121 438 2186 tudine
460 2121 632 2186 uehement
618 2126 668 2186 ter
686 2121 752 2186 laet
738 2128 814 2187 t.ere
846 2123 936 2188 Haec
954 2124 1094 2210 interim,

74 2234 148 2278 cum
172 2211 213 2274 de
238 2209 344 2275 officio
367 2232 440 2274 meo
464 2209 552 2296 cogit
553 2231 649 2293 arem,
668 2210 773 2276 facere
794 2233 861 2276 non
883 2213 989 2311 potui,
1014 2212 1094 2294 quin

72 2301 112 2364 ad
134 2304 169 2364 te
195 2298 379 2364 scriberem
413 2301 664 2383 quamquamet
649 2299 844 2363 ttasudiis
867 2300 947 2364 meis
970 2299 1094 2364 inuitus

74 2389 234 2454 auellerer
257 2391 300 2473 et,
323 2392 359 2452 ut
382 2408 458 2452 uere
482 2387 593 2474 dicam,
615 2408 682 2452 non
704 2410 756 2453 me
779 2392 892 2453 tuust
894 2393 949 2453 ant
951 2412 1015 2475 um,
1038 2388 1095 2454 sed

71 2499 165 2543 meus
196 2439 300 2541 1111111
322 2475 428 2560 pudor
460 2476 502 2539 ab
535 2475 597 2540 hoc
629 2477 812 2563 argumenti
843 2500 974 2565 genere,
1007 2479 1134 2563 quod²⁰

72 2570 182 2632 totum
216 2564 257 2629 ad
294 2569 384 2629 tuam
419 2563 548 2628 laudem
582 2565 737 2652 pertinet,
768 2568 855 2632 haud
890 2568 1059 2634 mediocrit
1044 2571 1095 2632 ter

69 2659 233 2721 auocaret.
269 2652 359 2718 Vale
379 2675 419 2717 ex
437 2652 580 2718 aedibus
604 2653 690 2719 Prid
713 2677 787 2721 non.
806 2655 882 2721 Dec.
901 2655 1094 2722 MDLXXH.

469 2882 689 2896 S——-.

501 3077 673 3143 LXXXIV.

198 3218 360 3285 Camillo
384 3218 587 3284 Palaeotto
610 3217 823 3283 Bononiam
847 3226 974 3294 (XII,4).

164 3363 253 3439 Quae
287 3360 368 3424 mihi
399 3383 451 3425 res
482 3359 641 3425 maximae
674 3380 767 3423 aurae
800 3357 863 3422 fuit
895 3364 928 3425 11
959 3361 993 3425 in
1031 3382 1138 3445 quaec

72 3474 164 3517 meas
187 3471 300 3515 omnes
327 3448 542 3535 cogitationes
571 3445 741 3531 omniaque
769 3447 875 3512 studia
903 3450 1037 3514 fixeram
1060 3453 1093 3514 et
1164 3484 1174 3515 1

70 3539 229 3623 locatam,
257 3559 294 3602 ea
322 3558 395 3602 cum
423 3560 463 3602 ex
491 3536 589 3600 animi
617 3535 791 3621 sententia,
823 3535 932 3603 diuino
963 3539 1095 3604 fauente
