2400 3922
527 145 743 210 -42-

127 327 188 370 non
211 311 325 389 ignota,
348 308 532 389 ponderibus
556 318 655 370 tamen
675 310 808 388 antiquis
826 316 879 370 aut
898 308 1010 371 adiecit
1029 320 1080 372 aut
1098 310 1143 371 de·

128 399 219 459 traxit
243 405 273 458 et
296 415 354 478 res,
383 416 458 478 quae
481 400 512 458 in
534 398 590 459 bac
613 398 820 478 conpositione
844 406 929 478 sunt,
957 416 1020 459 non
1044 400 1142 478 utique

128 487 311 548 conveniunt
337 487 374 547 ad
402 489 546 566 antiquas.
587 484 743 547 interdum
769 487 849 547 enim
874 504 980 547 earum
1004 489 1143 567 quaedam

131 575 234 655 plures
257 577 346 636 etiam
369 593 493 636 numero
514 576 664 655 accipiunt
686 582 776 654 atque
795 574 863 636 ideo
883 593 945 636 non
963 574 1047 637 idem
1064 594 1144 656 prae·

93 673 221 744 astant,
254 682 323 725 cum
354 665 476 725 interim
504 664 578 724 haec
606 663 731 724 mirifica
758 672 964 743 temperatura
992 667 1143 744 conposita

128 753 269 814 mirificos
293 753 416 812 effectus
439 752 554 813 habeat.

217 838 425 900 LXXXXVIII.
453 839 537 900 Facit
551 857 621 900 vero
635 839 692 900 boc
706 840 960 902 medicamentum
974 860 1036 902 non
1051 842 1142 903 solum

128 929 164 989 ad
192 928 294 988 lateris
322 926 467 1008 dolorem,
496 929 549 988 sed
577 930 667 989 etiam
695 928 731 989 ad
759 927 844 1008 plura
869 929 940 990 vitia
969 930 1142 1012 efficaciter,

128 1015 321 1094 quamobrem
335 1033 454 1095 semper
467 1014 562 1077 habeo
577 1016 607 1077 id
623 1017 819 1094 conpositum.
849 1016 1032 1079 Percurram
1047 1027 1142 1080 autem

76 1118 215 1182 requam
239 1103 429 1184 brevissime,
452 1104 489 1164 ad
513 1123 590 1184 quae
614 1107 684 1165 vitia
707 1113 737 1166 et
761 1103 890 1185 qualiter
913 1106 1019 1168 datum
1041 1108 1141 1187 prosit,

127 1200 160 1252 ut
188 1194 276 1252 etiam
304 1194 335 1253 in
363 1191 463 1253 libello
491 1196 557 1254 eins
585 1196 731 1272 scriptum
760 1201 806 1255 est
835 1202 864 1254 et
893 1212 949 1273 ego
978 1213 1141 1274 magnaei

126 1289 210 1359 parte
234 1283 291 1341 iam
316 1291 457 1361 expertus
481 1300 556 1342 sum.

215 1368 436 1431 Lxxxxvrffl.
475 1371 564 1432 Sauat
588 1388 659 1449 ergo
683 1368 787 1430 morbo
811 1369 955 1431 comitiali
979 1381 1140 1453 correptos,

128 1476 202 1536 quos
226 1455 433 1538 ἐπιληπτικοὺς
456 1459 561 1520 Graeci
584 1466 704 1540 vocant,
732 1457 875 1539 iuriosos,
903 1477 981 1538 quos
1004 1459 1140 1541 μαινομέ

75 1559 107 1606 ro
127 1569 200 1620 νους
223 1546 340 1628 dieunt;
362 1549 434 1608 item
458 1557 542 1609 sanat
563 1546 671 1628 quibus
695 1545 803 1608 subitis
826 1546 961 1608 tenebris
981 1548 1139 1612 obscuran-

127 1644 177 1696 tur
200 1635 280 1696 oculi
302 1655 371 1697 cum
394 1637 554 1717 vertigine,
576 1630 810 1715 σκοτωματικοὺς
834 1635 890 1696 hos
913 1635 1023 1699 Graeci
1046 1637 1140 1718 appel·

64 1776 69 1785 .
126 1722 201 1803 lant,
233 1742 289 1784 nec
317 1727 415 1785 minus
443 1723 559 1786 diutino
591 1726 739 1804 correptis
767 1726 873 1803 capitis
901 1724 1020 1807 dolore,
1054 1744 1140 1806 quem

124 1812 290 1888 κεφαλαίαν
316 1812 479 1894 appellant,
508 1813 645 1894 prodest,
674 1813 740 1874 data
768 1813 901 1893 pondere
929 1812 955 1874 Χ
985 1815 1080 1877 duum
1106 1833 1140 1876 ex

125 1915 218 1976 aquae
237 1897 350 1959 mulsae
370 1899 484 1979 cyathis
504 1908 653 1981 quattuor,
676 1920 746 1962 cum
769 1903 889 1963 remissi
912 1902 1040 1985 inerint3
1064 1905 1140 1966 etsi

72 1999 107 2048 ao
125 1987 297 2065 frequenter
316 1988 437 2066 quidem
456 1991 671 2070 corripiuntur,
693 1999 761 2070 post
779 1988 865 2050 binas
885 1999 1024 2052 ternasve
1043 2010 1138 2054 acces·

125 2077 225 2136 siones
244 2076 339 2137 danda
358 2080 416 2138 erit
434 2078 583 2140 antidotos
602 2078 692 2139 hiera.
723 2077 787 2162 Hoc
805 2097 917 2141 nomen
935 2072 1016 2141 enim
1035 2080 1139 2142 tribuit

125 2167 154 2225 ei
172 2166 246 2226 duas
264 2175 388 2246 propter
407 2186 521 2250 causas,
541 2176 574 2229 ut
592 2168 742 2228 existimo:
766 2185 869 2246 unam,
889 2186 927 2228 ne
946 2171 1013 2230 eius
1032 2187 1138 2232 nomen

126 2274 230 2317 verum
253 2257 378 2318 dicendo
402 2257 586 2336 ostenderet,
616 2275 691 2337 quae
714 2262 794 2316 esset
820 2289 858 2298 -
885 2256 997 2318 dicitur
1022 2261 1103 2320 enim
1124 2277 1139 2318 a

126 2344 302 2422 quibusdam
325 2342 428 2426 πικρά,
452 2349 521 2425 quia
544 2364 642 2406 amara
665 2352 724 2425 est,
747 2363 763 2406 a
783 2344 962 2424 quibusdam
982 2342 1034 2408 διὰ
1056 2353 1138 2410 κολο-

71 2442 105 2489 25
124 2433 271 2505 κυνθίδος
292 2466 330 2476 -
352 2434 486 2513 alteram,
511 2453 569 2512 quo
588 2436 682 2512 magis
706 2433 762 2494 sub
784 2441 864 2494 tanta
888 2437 989 2513 specie
1009 2439 1138 2498 nominis

124 2519 346 2580 commendaret
373 2520 630 2580 medicamentum.
678 2520 736 2581 Sed
764 2525 790 2583 si
812 2540 848 2582 ex
871 2520 960 2601 longo
983 2524 1137 2586 intervallo

124 2605 345 2666 accessionibus
368 2607 562 2685 vexabuntur,
591 2609 622 2667 in
650 2610 827 2671 remissione
855 2611 992 2672 dolorum
1021 2615 1138 2692 saepius

123 2691 252 2754 dandum
272 2696 330 2754 erit
352 2694 613 2756 medicamentum:
636 2697 677 2759 ita
697 2699 776 2757 enim
795 2706 847 2760 aut
866 2718 902 2759 cx
921 2707 984 2760 toto
1005 2702 1136 2763 remedio

123 2789 170 2842 est
192 2790 243 2843 aut
262 2791 344 2843 certe
364 2784 509 2844 minuitur
528 2785 637 2845 cotidie
657 2786 786 2865 impetus
806 2789 947 2848 vitiorum
966 2797 997 2850 et
1017 2790 1136 2852 sedatur

68 2882 103 2930 30
123 2870 335 2949 intervallaque
372 2873 483 2933 maiora
516 2875 623 2953 accipit
656 2882 686 2935 et
717 2874 774 2936 boc
806 2877 872 2954 ipso
906 2881 1136 2956 opportuniores

122 2959 198 3019 fiunt
225 2959 261 3019 ad
289 2962 399 3020 veratri
429 2963 594 3042 potionem,
627 2981 685 3042 qua
718 2967 845 3024 maxime
877 2963 951 3026 haec
980 2968 1052 3028 vitia
1083 2967 1136 3029 toi·

122 3046 232 3108 luntur.
278 3047 354 3108 Dare
382 3057 481 3110 autem
508 3051 556 3111 his
582 3059 700 3130 oportet
727 3052 891 3113 secundum
919 3058 1137 3134 purgationem,

121 3132 168 3195 bis
191 3137 270 3195 enim
294 3144 345 3197 aut
368 3145 414 3198 ter
438 3157 577 3218 spumosa
601 3148 631 3201 et
657 3140 804 3220 glutinosa
827 3141 974 3222 deiciunt,
1002 3146 1134 3222 ptisanae

193 3365 292 3415 ivero
315 3361 369 3414 hoe
393 3361 440 3416 M:
465 3363 518 3417 hoc
542 3380 607 3418 vero
625 3362 661 3418 R.
736 3367 769 3415 16
788 3362 927 3432 vertigine
950 3365 1075 3434 quadam
1093 3366 1133 3433 Μ

120 3436 152 3484 ot
170 3435 263 3486 c.184.
279 3436 340 3486 188.
400 3438 433 3486 17
451 3433 586 3503 correptis
602 3434 650 3487 M:
670 3434 812 3501 correptos
826 3433 862 3489 R.
919 3441 952 3490 18
972 3441 1133 3506 reputator

120 3503 231 3570 occepso:
250 3502 434 3572 cephalaeam
449 3504 487 3557 M
503 3504 699 3574 κεφαλαργίαν
712 3503 748 3557 R.
817 3504 941 3573 pondere
960 3524 1020 3576 epo:
1039 3517 1082 3580 p0.
1096 3509 1131 3566 R.
