2430 3922
154 185 198 250 58
302 184 480 240 Prooemium
496 183 564 238 libri
582 184 618 239 de
635 184 852 254 Magistratibus
870 184 1013 240 Romanis.

153 346 280 434 gladios
301 346 426 431 primus
448 346 567 411 infecit.
615 347 701 430 quod
729 346 814 411 enim
836 368 902 412 non
925 347 1020 411 modo
1039 346 1172 431 iustum,

154 436 209 501 sed
236 457 296 500 nec
318 436 475 500 usitatum
502 440 597 499 antea
624 437 743 521 fuerat,
773 436 807 499 id
834 440 948 519 postea
974 458 1015 499 ne
1047 457 1170 500 nouum

153 525 327 607 uideretur,
349 525 499 588 effectum
518 528 576 588 est.
611 524 724 608 itaqua
747 546 820 589 cum
838 525 964 608 aliquot
982 528 1058 608 post
1076 525 1171 589 annis

153 613 189 677 P.
212 611 376 698 Sulpicius
403 612 558 697 primum,
585 617 623 676 ut
650 613 740 677 uisus
763 617 825 697 est,
852 635 918 678 non
941 613 1081 696 pessime
1104 613 1170 677 ani-

127 707 274 789 smatus,
301 701 415 766 deinde
437 701 506 765 siue
525 700 702 766 ambitione
728 701 891 786 inductus,
914 701 983 766 siue
1005 701 1171 766 iracundia

154 790 333 856 concitatus
351 790 393 854 ab
412 788 537 873 optima
559 811 671 854 caussa
694 789 881 855 desciuisset
900 791 1073 874 eademque
1092 791 1171 877 fere,

155 901 237 964 quae
261 879 324 943 duo
352 876 501 963 Gracchi,
528 877 563 941 in
589 878 759 942 tribunatu
783 878 891 962 plebis
914 883 970 943 aut
993 882 1079 943 certe
1102 901 1169 943 non

154 966 322 1032 dissimilia
344 966 528 1030 moliretur:
556 967 650 1032 facile
678 967 718 1031 ad
745 967 814 1031 uim
842 972 875 1032 et
898 968 938 1031 ad
961 967 1073 1031 caedes
1095 990 1169 1050 pro·

152 1056 245 1139 lapsa
276 1076 328 1119 res
356 1058 414 1119 est.
459 1076 566 1138 neque
593 1055 685 1138 prius
713 1077 802 1120 arma
830 1056 1036 1141 quieuerrmt,
1070 1078 1170 1139 quam

114 1168 139 1209 ro
154 1143 274 1209 ciuium
302 1165 421 1230 magna
443 1147 537 1227 parte
560 1144 720 1208 trucidata
743 1148 799 1207 aut
823 1145 924 1208 eiecta
946 1145 1042 1209 unius
1064 1144 1169 1209 libido

152 1232 297 1317 antiquis
319 1233 450 1318 legibus
473 1254 533 1316 par
551 1236 647 1316 atque
666 1233 764 1297 etiam
788 1233 935 1317 superior
958 1255 1027 1297 esse
1050 1233 1169 1316 coepit.

154 1321 241 1404 quod
267 1343 373 1405 neque
403 1326 482 1386 tunc
509 1342 615 1405 neque
643 1326 758 1405 postea
781 1322 979 1407 contigisset,
1003 1321 1044 1406 si,
1069 1344 1168 1404 quam

152 1409 316 1493 sapientes
338 1409 372 1473 in
396 1410 575 1474 scribendis
602 1409 732 1495 legibus
762 1411 899 1475 maiores
928 1411 1070 1493 fuerant,
1100 1415 1170 1474 tam

151 1497 187 1562 in
210 1497 354 1562 creandis
376 1499 621 1584 magistratibus
644 1498 730 1562 cauti
753 1499 876 1582 posteri
900 1499 1045 1564 fuissent.
1083 1520 1169 1583 nam,

111 1607 137 1649 rs
151 1586 213 1651 etsi
239 1608 306 1651 non
328 1590 415 1651 recte
430 1587 563 1674 geritur
585 1586 718 1671 publica
739 1609 803 1673 res,
830 1588 894 1652 nisi
924 1587 1169 1672 praestantibus

151 1675 232 1740 uiris
264 1675 393 1760 acrique
425 1698 461 1740 ac
480 1697 598 1761 magno
627 1675 734 1740 animo
758 1676 914 1759 praeditis
937 1675 1168 1759 committatur,

149 1767 259 1828 tamen
287 1764 467 1847 periculosa
496 1764 530 1827 in
557 1763 672 1847 primis
699 1765 778 1828 haec
806 1769 855 1829 est
882 1769 915 1828 11
941 1765 1068 1829 lubrica
1091 1786 1169 1829 sanc

79 1844 85 1853 ’
151 1852 351 1916 deliberatio.
397 1856 579 1936 propterea,
604 1852 691 1935 quod
708 1875 775 1916 non
792 1853 1024 1939 languentibus
1047 1853 1083 1917 in
1101 1853 1168 1917 ani·

150 1940 225 2026 mis,
249 1939 305 2004 sed
328 1939 363 2003 in
386 1940 501 2004 erectis
523 1940 688 2004 mentibus
712 1963 748 2005 ac
776 1942 927 2006 maximis
950 1941 1089 2027 ingeniis
1114 1942 1168 2006 do-

110 2049 137 2090 ro
150 2027 295 2092 minandi
323 2027 483 2112 cupiditas
511 2029 662 2093 exoritur.
708 2030 869 2094 honorum
891 2052 962 2116 spe,
985 2031 1102 2115 fateor,
1127 2030 1167 2093 ad

150 2116 292 2203 labores,
320 2116 360 2180 ad
387 2116 587 2202 industriam,
620 2117 660 2180 ad
692 2119 860 2182 subeunda
892 2119 989 2182 etiam
1021 2118 1169 2201 pericula

149 2206 298 2270 homines
317 2205 510 2270 excitantur:
530 2206 585 2269 sed
603 2206 638 2269 in
653 2205 758 2271 libera
776 2208 908 2271 ciuitate
927 2211 985 2292 111,
1005 2210 1167 2289 quatenus

150 2295 267 2378 cuique
292 2293 447 2380 credatur,
470 2299 503 2358 et
526 2294 560 2358 in
584 2295 687 2358 danda
713 2300 876 2378 potestate
900 2295 927 2359 si
951 2294 1065 2358 modus
1089 2295 1165 2358 reti·

148 2382 290 2467 nebitur,
312 2383 426 2446 modus
449 2382 528 2446 item
551 2382 585 2446 111
607 2385 748 2467 gerenda
771 2384 962 2448 seruabitur.
1008 2383 1168 2468 legitimis

110 2490 135 2532 as
150 2469 236 2533 enim
259 2470 480 2553 potestatibus
499 2475 532 2534 et
549 2470 724 2536 moderatis
746 2472 891 2556 imperiis
914 2472 1012 2536 alitur
1029 2471 1167 2536 libertas

148 2580 255 2641 neque
282 2558 376 2622 facile
405 2557 575 2642 quisquam
602 2559 687 2646 uult,
720 2560 808 2644 quod
835 2583 869 2624 11
897 2583 992 2644 posse
1016 2560 1167 2644 desperat

149 2651 195 2730 et,
219 2645 275 2731 qui
297 2649 425 2710 tantum
448 2651 566 2733 potest,
589 2654 746 2731 quantum
769 2649 796 2713 si
820 2654 1042 2734 consequatur,
1066 2649 1167 2714 ceteri

147 2735 231 2799 nihil
254 2738 402 2819 possent,
429 2735 482 2799 hic
510 2736 536 2800 si
560 2736 664 2801 malus
688 2741 930 2822 estpotestate
954 2738 992 2801 fit
1015 2738 1165 2802 deterior.

148 2823 199 2888 sin
222 2823 269 2887 ita
287 2824 433 2888 moribus
452 2824 637 2910 exploratis,
660 2831 697 2890 ut
716 2829 810 2890 antea
828 2826 911 2890 nihil
928 2848 1032 2910 neque
1051 2826 1167 2891 fecerit

107 2932 135 2973 ro
148 2911 319 2999 indignum
347 2913 433 2978 bono
457 2913 527 2977 uiro
550 2935 655 2997 neque
678 2914 832 2996 uoluerit,
862 2914 1023 2979 interdum
1046 2918 1165 2997 tamen,

149 3004 185 3065 ut
208 3002 349 3066 humana
376 3005 556 3084 mutantur,
588 3024 606 3065 a
638 3002 735 3067 rectis
765 3003 1019 3089 cogitationibus
1042 3002 1083 3066 ad
1105 3002 1166 3067 ini-

149 3112 228 3174 quas
251 3090 404 3154 libidines
427 3090 606 3155 traducitur
630 3096 662 3155 et
685 3095 798 3175 peccat
823 3114 860 3156 eo
884 3092 965 3175 ipso,
993 3091 1068 3175 quia
1091 3113 1165 3176 pec-

61 3194 64 3199 ’
148 3199 219 3242 care
247 3178 461 3263 permittitur,
489 3183 526 3242 ut
553 3179 666 3262 possit.
713 3178 868 3256 Quocirca
891 3179 1030 3263 patriam
1058 3202 1164 3243 meam

148 3265 305 3352 singulari
329 3267 489 3350 sapientia
512 3267 695 3332 institutam
723 3290 759 3332 ao
789 3269 898 3332 diuino
928 3268 1067 3352 quodam
1091 3290 1165 3332 con-

107 3375 133 3416 as
148 3353 221 3419 silio
244 3359 458 3439 temperatam
485 3355 561 3419 licet
585 3356 776 3420 existimare.
827 3357 862 3421 in
885 3379 948 3442 qua
970 3379 1075 3441 neque
1099 3379 1165 3420 ma-

147 3443 303 3529 gistratus
332 3444 429 3508 iidem
459 3444 701 3527 continuantur,
732 3445 819 3529 quod
847 3451 896 3510 est
924 3445 1099 3510 seruandae
1127 3467 1166 3509 ac

148 3531 328 3597 diutissime
361 3531 546 3597 retinendae
580 3533 779 3617 reipublicae
816 3535 982 3600 uinculum
1019 3534 1166 3599 firmissi-
