2400 3922
110 184 153 249 60
367 180 465 236 XXVI.
487 181 582 238 Marco
602 180 725 238 Antonio
745 179 866 236 Murato.

560 413 674 479 XXVI.

220 556 264 623 Μ.
287 556 457 622 Antonio
480 556 628 620 Murato
651 553 858 619 Patauium
882 562 949 634 (111,
966 563 1021 630 12).

201 699 263 777 Qui
281 699 362 763 mihi
379 702 451 762 tuas
470 696 580 761 attulit
598 695 734 782 litteras,
753 696 784 760 ei
804 718 866 782 ego
880 718 990 761 meam
1005 719 1125 761 omnem

112 810 257 873 operam,
285 787 312 850 si
336 807 399 869 qua
426 785 460 849 in
482 807 516 849 re
540 784 640 848 uellet
663 784 725 869 uti,
754 787 853 869 atque
882 785 1017 851 omnino
1044 784 1122 869 quid·

85 876 193 961 cquid
234 873 344 956 ualeo,
385 877 441 937 tua
482 895 595 937 caussa
636 873 746 937 detuli.
802 873 894 938 uisus
936 879 988 939 est
1029 894 1123 939 meam

110 962 285 1028 amicitiam
312 961 444 1044 plurimi
472 962 576 1026 facere
605 965 637 1026 et
661 985 680 1026 a
709 984 760 1026 me
789 965 922 1046 praeter
952 985 1024 1027 eam
1051 961 1123 1026 nihil
1164 1018 1166 1023 .

110 1055 269 1134 expetere.
317 1051 403 1134 quod
430 1049 479 1113 illi
507 1050 697 1115 facillimum
728 1049 791 1114 fuit
824 1051 1013 1134 impetrare.
1058 1072 1124 1115 nam

110 1162 182 1204 eum
206 1138 358 1203 omnibus
384 1143 501 1203 natura
528 1143 639 1225 pateo,
667 1144 737 1204 tum
760 1160 853 1222 uero,
877 1139 937 1223 qui
961 1163 981 1204 a
1008 1144 1042 1204 11
1065 1138 1124 1203 dili·
1163 1146 1166 1213 ξ

110 1230 245 1313 guntur,
277 1249 386 1292 amore
415 1249 487 1292 meo
524 1250 704 1312 numquam
736 1227 959 1292 excludentur.
1016 1227 1123 1302 ‚catulli

70 1335 97 1376 ro
113 1316 199 1400 quod
227 1316 315 1399 apud
341 1321 374 1380 te
401 1316 564 1400 reliquum
592 1320 650 1400 est,
696 1315 794 1380 biduo
824 1315 852 1380 si
880 1316 1025 1401 miseris,
1087 1316 1123 1380 tis
1162 1322 1166 1335 ¹

111 1408 295 1489 opportune
314 1404 421 1470 facies.
459 1404 571 1469 deinde
589 1404 670 1468 mihi
695 1425 773 1468 orna
795 1403 877 1469 duos
896 1405 1034 1470 comites
1057 1404 1124 1488 eius,

112 1497 287 1577 utrumque
311 1493 461 1579 dignum,
488 1493 546 1558 ubi
576 1493 730 1558 neruulos
752 1491 877 1577 ingenii
900 1493 951 1557 tui
975 1493 1121 1559 intendas.

113 1582 211 1647 etiam
234 1582 316 1646 illud
338 1582 419 1646 mihi
442 1581 561 1647 tribuis
584 1581 719 1667 petenti,
743 1580 829 1665 quod
856 1584 933 1645 ante
963 1583 1071 1648 omnia
1096 1584 1123 1645 et

113 1694 214 1736 unum
243 1672 380 1737 fortasse
410 1676 555 1755 spectare
585 1675 618 1735 te
648 1674 737 1755 pute.
784 1690 867 1754 cras,
898 1670 939 1734 ad
972 1692 1124 1736 summum
1158 1662 1164 1675 ’

75 1777 101 1818 15
115 1760 284 1845 perendie,
312 1761 375 1824 tria
404 1760 522 1824 Catulli
549 1759 628 1824 folia
659 1759 795 1823 mittam.
841 1757 1000 1824 Filiolum
1027 1779 1125 1824 meum

114 1847 350 1929 Hieronymum
357 1847 500 1912 nondum
511 1847 762 1930 quinquennem,
775 1845 860 1911 Aldo
870 1869 985 1930 parem
995 1847 1126 1934 ingenio,

114 1933 298 1998 ualetudine
332 1935 520 2019 firmiorem,
553 1935 703 1999 mandare
732 1935 936 2019 Epidaurum
964 1937 1007 2000 ad
1033 1934 1126 2001 homi·

113 2043 188 2086 nem
212 2022 373 2086 eruditum
399 2022 526 2106 ‘meique
555 2028 789 2109 peramantem,
816 2022 967 2088 Paullum
991 2024 1128 2107 Bosium,

115 2110 233 2198 cogite.
278 2111 327 2175 ibi
349 2111 495 2176 moribus
519 2116 552 2176 11
575 2112 689 2196 primis
707 2112 827 2177 litteris
845 2111 1022 2179 imbuetur.
1058 2134 1127 2178 nam

75 2220 103 2261 ao
116 2224 177 2288 ego
196 2224 247 2266 me
267 2202 307 2266 ad
329 2203 408 2266 haec
425 2201 561 2266 humilia
580 2201 748 2267 demittere
765 2199 855 2265 nullo
875 2201 971 2266 modo
992 2223 1127 2287 possum.

117 2289 201 2366 Quid
224 2293 412 2374 praeterea?
448 2291 531 2355 nihil
558 2290 692 2376 scilicet,
715 2291 812 2354 immo
837 2289 970 2374 aliquid.
1015 2289 1129 2372 Scribe,

116 2378 231 2440 amabo
255 2383 301 2463 te,
325 2379 370 2442 mi
393 2380 528 2464 Murete,
551 2383 589 2443 ut
610 2378 791 2464 instituisti,
815 2400 912 2462 quam
935 2379 1128 2464 saepissime.

115 2463 311 2550 mehercule,
342 2487 358 2528 e
382 2466 516 2530 summis
544 2469 643 2546 atque
667 2465 803 2529 assiduis
826 2489 893 2531 non
915 2467 1013 2533 modo
1037 2489 1129 2554 nego·

116 2550 180 2634 tiis,
203 2572 316 2614 uerum
331 2552 428 2615 etiam
443 2550 541 2615 animi
556 2551 649 2636 curia,
664 2555 791 2617 tantum
811 2553 846 2618 in
864 2559 994 2620 tuarum
1017 2557 1131 2641 episto

75 2659 103 2699 11
115 2639 219 2702 larum
243 2639 404 2724 elegantia
427 2643 459 2702 et
478 2637 637 2702 suauitate
662 2641 865 2723 conquiesco,
903 2648 1003 2728 atque
1029 2646 1132 2730 etiam,

115 2727 191 2790 dum
209 2726 280 2810 ipse
300 2727 339 2790 ad
357 2732 390 2789 te
409 2726 526 2804 scribo,
551 2724 627 2809 quia
646 2731 678 2791 te
697 2728 778 2792 mihi
797 2736 1003 2814 praesentem
1027 2739 1132 2799 statuo

116 2818 328 2899 mutuumque
352 2815 436 2906 inter
458 2837 518 2879 nos
542 2835 723 2881 sermonem
747 2819 849 2905 fingo,
873 2820 1060 2887 incredibili
1083 2844 1134 2886 uo·

116 2903 243 2989 luptate
275 2902 459 2988 perfundor.
509 2903 599 2968 Vale.
640 2905 797 2972 Venetiis.
843 2908 1002 2975 Hercules
1035 2932 1135 2993 meua,

119 2993 196 3077 quia
218 2994 320 3059 festus
343 2991 517 3057 hodiernus
541 2992 609 3058 dies
633 3000 691 3081 est,
714 2998 814 3063 abest.
860 2997 932 3062 ideo
960 2998 1042 3064 haec
1065 3021 1136 3065 mea

74 3100 104 3141 ao
116 3082 347 3255 {affideqies
366 3081 602 3167 interpellatus,
622 3086 751 3150 exaraui
771 3085 955 3170 [MDLVIII
978 3110 1005 3151 a.
1020 3088 1050 3152 d.
1065 3087 1135 3152 XV.

148 3192 187 3233 1.
238 3195 280 3234 111
298 3221 304 3235 .

118 3303 333 3314 -———...-

206 3386 240 3435 28
262 3380 420 3437 ‘Hercules’
441 3383 655 3439 Podocatharus
679 3378 809 3450 Cyprius,
829 3398 884 3448 quo
904 3383 1038 3439 utebatur
1057 3402 1135 3439 ama-

116 3450 224 3521 nuensi,
243 3452 300 3507 uid.
320 3453 370 3524 Ep.
385 3454 483 3510 XXIX.

520 3597 732 3607 -m—
