2400 3922
470 193 691 259 ..31-

71 355 185 418 decem.
240 353 321 417 llaec
355 355 573 419 comburuntur
605 367 635 419 et
666 359 707 418 ita
740 360 848 419 ceteris
886 356 1089 420 admiscentur

71 442 227 507 cineribus
246 452 278 506 et
294 452 398 524 postea
418 445 511 506 nihilo
525 448 624 507 minus
644 448 674 508 in
693 463 787 507 uuum
807 445 919 506 diutius
938 452 1088 509 teruntur.

70 535 199 614 Oportet
230 541 330 595 autem
362 533 454 613 digito
481 534 604 596 humido
632 543 753 613 tangere
781 534 1031 596 medicamentum
1059 544 1089 596 et

70 624 115 684 sic
134 639 222 685 uram
241 621 279 683 ab
297 623 358 683 imo
377 630 491 684 rectam
507 623 620 685 diutius
639 625 825 703 supprimere
840 640 960 685 sursum
974 642 1088 685 versus.

160 709 279 773 LXXll.
314 710 389 772 Item
412 711 491 773 aliud
512 713 661 774 efficacius
685 711 721 773 ad
744 731 831 774 uvam
854 712 905 774 diu
928 713 1088 774 iacentem:
1107 727 1124 778 6

71 800 181 881 Cyperi
209 802 336 861 siccatae
359 799 436 861 bene
464 801 563 881 pondo
587 801 749 883 quadrans,
777 819 895 863 murrae
919 799 978 886 38,
1007 804 1088 863 croci

72 889 177 951 siccati
196 898 265 951 ante
284 886 333 970 31,
356 889 535 951 sandaracae
553 889 623 969 pll
642 889 668 970 l,
690 889 828 951 aluminis
846 892 910 952 lissi
928 890 987 974 38,
1010 893 1088 952 aeris

71 979 132 1040 usti
159 975 214 1039 38.
260 976 340 1039 llaec
363 979 462 1039 omnia
485 980 517 1038 in
539 996 633 1040 unum
654 978 831 1061 tunduntur,
860 980 1031 1042 cribrantur
1054 997 1088 1041 ac

72 1067 167 1146 digito
187 1066 274 1128 melle
292 1068 386 1128 mixto
405 1066 655 1128 medicamentum
679 1070 807 1130 sumitur
826 1076 856 1130 et
879 1071 919 1130 ita
938 1088 993 1131 uva
1012 1070 1088 1131 leva·

71 1164 121 1217 tur
141 1173 177 1216 ac
196 1155 331 1216 tonsillae
350 1157 484 1235 pressius
503 1156 649 1217 fricantur
667 1157 870 1235 pertriduum
889 1168 940 1219 aut
959 1161 985 1219 si
999 1158 1088 1241 voles,
1108 1172 1142 1222 10

71 1243 166 1324 dlgito
190 1243 302 1305 mundo
326 1246 391 1305 sine
414 1244 501 1305 melle
525 1244 654 1306 curabis.

161 1331 292 1396 LXXlll.
327 1332 371 1393 Ad
400 1335 546 1394 arteriam
568 1341 771 1413 exasperatam
799 1333 944 1412 simplicia
968 1334 1088 1412 quidem

70 1423 146 1484 boec
174 1422 301 1484 faciunt:
331 1422 460 1483 Commis
483 1422 680 1483 Alexandrina
708 1423 754 1483 vel
781 1422 1006 1501 tragacantbum
1034 1440 1089 1501 per

71 1529 104 1573 se
124 1509 183 1572 sub
202 1510 303 1590 lingua
321 1519 481 1572 retentum.
514 1510 685 1590 Conpositio
705 1519 803 1572 autem
822 1511 895 1573 baec
915 1519 973 1572 est:
996 1511 1088 1590 Papa-

71 1602 152 1662 veris
172 1598 298 1660 silvatici
315 1601 374 1661 iam
394 1602 512 1681 maturi,
530 1599 633 1661 viridis
651 1608 751 1661 tamen
770 1599 866 1662 adbuc
885 1602 981 1679 capita
1000 1617 1088 1678 quam
1108 1613 1142 1664 16

71 1688 201 1769 plurima
229 1706 298 1749 vase
325 1688 410 1749 fictili
437 1691 627 1750 coniciuntur
657 1707 792 1768 aquaque
820 1688 1089 1770 superfunduntur,

72 1786 106 1839 ut
135 1784 311 1855 supernatet
338 1776 456 1838 duobus
487 1776 621 1839 tribusve
649 1778 757 1856 digitis.
799 1775 879 1839 llaec
907 1776 959 1838 ubi
988 1776 1088 1838 triduo

72 1873 222 1927 macerata
245 1866 370 1946 fuerint,
396 1866 501 1927 eodenr
524 1885 592 1927 vase
621 1875 802 1947 coquuntur,
829 1866 925 1928 donec
953 1858 1089 1928 demade-

72 1962 171 2036 scant3
190 1962 294 2034 postea
308 1957 517 2034 exprimuntur
534 1957 629 2034 capita
644 1957 800 2035 omnisque
815 1974 908 2036 aquae
922 1955 1089 2034 percolatae

71 2047 158 2124 prius
180 2042 340 2122 diligenter
362 2062 502 2105 mensura
526 2046 651 2126 capitur,
679 2043 716 2105 ad
739 2047 826 2105 cuius
849 2043 969 2105 modurn
993 2043 1089 2105 mellis
1108 2059 1143 2109 20

72 2134 164 2194 Attici
188 2140 293 2211 quarte
316 2150 385 2211 pars
409 2135 565 2214 miscetur3
590 2132 697 2193 deinde
716 2151 770 2212 per
789 2133 898 2211 duplex
917 2151 968 2192 vas
988 2133 1088 2211 coqui-

71 2229 132 2302 tur,
158 2220 254 2283 donec
278 2220 373 2282 mellis
396 2221 504 2283 babeat
527 2221 759 2302 spissitudinem.
806 2221 868 2281 Hoc
892 2219 1088 2281 medicamen·

72 2318 138 2372 tum
161 2310 251 2371 etad
277 2312 403 2371 arteriae
426 2318 574 2371 tumorem
598 2317 628 2371 et
651 2309 686 2369 ad
711 2311 818 2370 tussim
841 2309 919 2369 facit.

162 2397 305 2461 LXllllll.
342 2398 442 2460 Altera
470 2401 614 2461 arteriace
642 2397 679 2458 ad
706 2397 831 2459 fluorem
845 2405 885 2459 et
912 2398 1089 2458 raucitatem

72 2489 209 2567 arteriae,
233 2489 305 2548 item
325 2485 375 2566 [ex
395 2487 442 2565 ea]
462 2488 498 2548 ad
522 2490 630 2549 tussim
649 2495 679 2548 et
698 2487 847 2548 abscisum
868 2505 975 2548 sonum
994 2488 1088 2547 vocis:
1108 2499 1142 2551 st

73 2576 273 2656 Tragacantbi
291 2595 319 2656 p.
335 2576 361 2636 it
375 2575 426 2657 Vl,
445 2579 569 2638 commis
585 2575 800 2638 Alexandrinae
819 2596 846 2656 p.
862 2577 887 2637 X
901 2576 952 2658 Vl,
970 2594 1089 2638 murrae

72 2684 101 2744 p.
121 2665 147 2725 ll
166 2664 193 2746 l,
216 2667 294 2726 turis
316 2683 346 2744 p.
365 2665 391 2725 ll
408 2664 449 2746 ll,
473 2667 554 2726 croci
572 2683 600 2744 p.
616 2665 641 2725 ll
660 2666 685 2747 l,
709 2667 822 2745 piperis
841 2665 900 2726 albi
918 2684 1009 2744 grana
1028 2663 1090 2743 llll,

146 2859 163 2907 2
184 2853 325 2908 cineribus
343 2855 416 2924 quod
434 2869 491 2909 uou
509 2859 548 2910 est
559 2854 599 2909 'iu
614 2855 652 2908 M
667 2859 828 2923 suspectum.
883 2857 900 2905 6
914 2850 1041 2906 umidum
1054 2850 1089 2903 L.

73 2932 90 2982 4
113 2942 225 2980 sursum
247 2941 343 2980 versus
366 2925 468 2980 mmm
493 2942 603 2980 sussum
625 2940 720 2980 versos
739 2925 765 2978 L
788 2940 898 2978 sursum
921 2938 1032 2976 versum
1053 2920 1089 2976 It

74 3004 91 3052 6
110 2996 130 3050 3
144 2996 238 3051 Aldus
255 2996 300 3052 bie
318 3002 343 3051 et
361 2997 452 3063 iufra:
473 3004 492 3063 s)
511 2996 552 3064 R;
571 3013 627 3066 qua
644 3001 711 3051 mota
729 2994 881 3063 scripulum
899 3008 938 3046 au
955 2992 1091 3074 sicilicum

73 3066 235 3138 sipuificare
252 3068 369 3123 uoluerit
386 3082 444 3122 ucu
461 3071 575 3123 coustat.
642 3065 710 3119 7³1
728 3065 839 3134 scripsi:
861 3066 910 3127 οῖ’
925 3062 960 3116 R.
1026 3066 1091 3116 8111

73 3155 161 3193 unum
175 3136 346 3209 tunduntur]
361 3138 547 3192 intunduntur
560 3137 659 3192 Aldus.
713 3141 747 3189 14
763 3135 841 3205 Quod
854 3133 982 3187 Racilius
997 3133 1090 3188 existi·

73 3211 160 3266 morit
182 3214 245 3280 post
267 3208 338 3263 haec
357 3209 401 3262 est
419 3209 637 3280 compositionem
654 3207 834 3274 intercidisse,
851 3205 962 3260 errarit.
1027 3208 1091 3258 unte

73 3281 226 3352 pepereris
241 3279 346 3335 schebet
359 3279 388 3333 R
402 3279 439 3334 ud
456 3282 595 3336 tumorem
614 3278 743 3344 arteriae,
761 3292 830 3346 puae
847 3275 930 3331 umba
946 3280 978 3330 ut
996 3292 1010 3329 e
1028 3275 1090 3329 lem-

72 3357 144 3409 mare
161 3356 227 3408 orta
244 3353 378 3420 cupreum.
434 3357 467 3405 16
486 3365 553 3406 raso
567 3350 601 3404 L.
656 3347 812 3403 coiciuntur
830 3348 863 3403 L.
920 3351 953 3401 18
973 3360 1041 3401 vaso
1056 3345 1090 3398 L.

75 3428 108 3478 16
127 3421 228 3495 capite
245 3436 297 3478 om.
312 3420 350 3475 Μ
363 3424 454 3477 nescio
472 3439 510 3477 au
527 3425 602 3478 recte.
665 3424 699 3473 25
715 3435 748 3472 ex
763 3434 796 3472 es
814 3417 926 3484 inclusi,
945 3418 974 3471 et
991 3417 1089 3471 ccuiec.

73 3493 162 3550 asoa.
229 3490 385 3548 abscissum
404 3492 440 3547 R.
509 3498 544 3548 26
564 3488 685 3561 gummis
704 3488 849 3544 acanthini
868 3490 911 3543 M.
981 3503 1090 3542 murrae

74 3567 133 3635 (rie)
152 3565 187 3620 L.
