2400 3922
108 161 154 223 44
366 157 467 216 XVIII.
494 156 539 210 Ad
557 155 708 212 Allonsum
727 153 868 211 Carafam.

110 344 177 387 non
204 320 355 403 ambitio,
382 342 464 406 quac
493 341 589 404 saepe
617 316 780 402 praeclare
807 315 892 381 iacta
921 315 1130 381 fimdamenta

110 410 244 474 uirtutis
268 409 400 493 euertit,
429 430 497 473 non
519 407 735 489 commodum,
761 426 828 470 non
855 403 913 468 illa
937 403 1038 470 bonis
1061 405 1130 470 arti-

111 499 175 563 bus
203 497 334 563 inimica
360 496 514 581 uoluptas
541 497 582 560 ab
610 496 672 559 hoc
699 493 807 558 studio
835 492 981 558 deduxit.
1029 515 1068 559 ac
1091 515 1128 558 ne

111 608 198 652 nunc
223 586 353 671 quidem
375 586 519 671 langues,
543 606 615 648 cum
633 587 743 646 tamen
762 580 870 646 omnia
888 581 1003 646 uideas
1023 582 1128 646 ardere

84 674 200 740 cbello
224 695 449 757 armorumque
473 672 614 755 strepitu
636 692 730 735 aures
753 675 829 735 tuae
853 669 1001 754 quotidie
1025 692 1130 754 perso

111 769 199 829 nent.
246 763 337 847 quin,
369 762 445 825 dum
477 759 586 844 patrui
618 759 682 844 tui,
716 757 851 823 Carolus
884 756 1070 824 Cardinalis
1100 763 1129 823 et

111 851 248 917 Ioannes
270 848 408 914 Palliani
431 848 510 935 dux,
532 852 669 932 uterquc
693 848 736 912 ob
760 847 918 911 uirtutem
942 846 1128 912 immortali-

112 945 180 1004 tate
212 937 434 1024 dignissima,
470 937 675 1021 maximeque
709 940 803 1020 pater
838 939 930 1021 tuus,
966 934 1129 1001 Antonius

110 1026 256 1091 Marchio
279 1025 496 1109 Montisbelli,
523 1029 620 1090 natus
648 1025 688 1088 ad
715 1046 844 1089 omnem
867 1023 1010 1110 gloriam
1033 1025 1129 1090 omni·

72 1135 98 1174 ιο
113 1136 175 1198 que
198 1115 350 1198 princeps
372 1112 467 1179 laude
495 1114 677 1179 cumulatus
705 1112 820 1178 urbem
841 1111 982 1177 Romam
1006 1117 1041 1177 11
1064 1113 1129 1178 iura

110 1202 284 1267 Pontificia
306 1207 453 1286 tuentur,
480 1207 590 1286 partes
617 1203 651 1267 in
679 1200 765 1267 bello
794 1200 932 1285 quisque
960 1222 1038 1267 suas
1061 1224 1128 1267 con·

112 1291 200 1376 silla,
227 1291 412 1378 uigilantia,
439 1291 630 1357 fortItudine
653 1289 700 1354 ita
723 1289 870 1374 explent,
897 1295 935 1354 ut
964 1289 1129 1374 antiquam

112 1379 271 1444 maiorum
299 1402 431 1444 suorum
458 1379 723 1445 consuetudinem
745 1379 900 1463 referant,
928 1377 1001 1462 ipsc
1030 1383 1065 1443 11
1087 1380 1129 1443 in·

112 1472 202 1532 terea
224 1468 370 1533 contines
397 1468 432 1533 in
459 1469 525 1533 tuis
552 1467 750 1552 perennibus
778 1466 894 1531 studiis
922 1466 1129 1552 animumque

72 1575 98 1616 11
113 1561 184 1622 tum
207 1556 280 1622 aliis
302 1579 421 1644 magno
439 1557 591 1641 Principe
615 1555 723 1642 dignis
745 1555 935 1639 uirtutibus,
958 1559 1030 1620 tum
1054 1577 1128 1620 uero

113 1645 255 1712 maxime
279 1647 399 1712 excolis
423 1647 621 1732 eloquentia,
645 1646 809 1710 doctorem
831 1643 866 1707 in
889 1666 926 1708 ea
950 1644 1127 1728 ducemque

112 1741 228 1800 nactus
265 1735 375 1800 diuino
417 1735 555 1818 quodam
595 1755 727 1798 munere
765 1732 872 1797 uirum
909 1732 1128 1816 excellentem,

112 1821 267 1887 Ioannem
284 1823 434 1886 Paullum
452 1822 612 1904 Flauium,
631 1822 686 1904 qui
705 1826 738 1885 te
756 1842 842 1886 nouo
862 1821 1003 1906 quodam
1022 1821 1128 1905 plane·

113 1930 176 1991 que
203 1909 386 1972 admirabili
414 1931 531 1994 genere
559 1908 760 1994 disciplinae,
790 1909 968 1974 abductum
995 1931 1015 1974 a
1037 1909 1128 1996 uulgi

71 2015 99 2055 ro
113 1996 277 2060 erroribus
311 2018 371 2079 per
403 1997 558 2061 directam
594 1997 743 2061 semitam
780 1997 820 2060 ad
857 1997 1014 2062 eximium
1050 1997 1129 2063 illud

111 2084 233 2150 ueteris
255 2083 419 2150 Romanae
446 2085 577 2172 linguae
605 2087 701 2150 decus
729 2085 823 2150 facile
851 2086 954 2171 ducit,
983 2108 1048 2171 quo
1077 2087 1128 2151 uel

113 2196 187 2240 cum
210 2174 344 2242 summis
365 2174 535 2242 laboribus
558 2197 595 2241 ac
618 2174 741 2263 uigiliis
764 2174 928 2257 adspirare
952 2175 1050 2258 pauci
1074 2180 1129 2240 aut

113 2264 250 2331 fortasse
274 2265 372 2329 ctiam
396 2288 491 2331 nemo
515 2269 633 2349 potest.
680 2285 875 2348 quamquam
897 2284 949 2327 me
972 2285 1128 2330 nonnum·

113 2372 210 2434 quam
238 2353 277 2416 de
305 2358 393 2418 statu
416 2354 551 2419 Latinae
579 2354 710 2439 linguae
738 2352 936 2438 cogitantem
963 2352 1128 2418 miseratio

72 2458 98 2498 11
113 2438 270 2520 quaedam
294 2462 367 2503 cum
390 2443 506 2505 acerbo
526 2440 635 2504 dolore
654 2440 769 2524 tangit.
807 2441 894 2522 quod
917 2440 963 2505 ita
981 2442 1128 2506 futurum

112 2525 220 2589 animo
245 2547 380 2610 cernam,
403 2531 440 2591 ut
463 2529 542 2591 haec
565 2548 624 2610 per
646 2530 697 2590 tot
720 2526 785 2591 iam
808 2529 944 2614 saecula,
967 2550 986 2593 a
1010 2533 1062 2595 tot
1085 2530 1129 2594 111-

111 2612 217 2699 g'eniis
236 2618 305 2677 tam
323 2613 496 2701 diligenter
514 2614 600 2678 culta
618 2613 733 2678 Latine
752 2616 913 2681 scribendi
932 2617 1027 2702 ratio,
1049 2640 1129 2703 quae

112 2705 281 2784 parentem
303 2706 448 2766 nostram
467 2701 595 2766 Italiam
612 2702 812 2787 nobilitauit,
836 2728 917 2788 quae
936 2710 987 2771 1ο1
1010 2707 1047 2771 in
1069 2728 1128 2772 nos

111 2788 228 2855 merita
251 2789 402 2874 contulit,
431 2793 536 2854 aetate
561 2790 689 2854 demum
711 2797 836 2876 nostra,
863 2794 926 2858 nisi
949 2795 1129 2860 remedium

71 2877 624 2979 1111111111(1111111111111111111111,
654 2902 745 2947 suam
771 2883 976 2948 honestatem
1000 2905 1129 2949 omnem

110 2968 1131 3162 111111118111111111111111111111

111 3145 1131 3321 11111111111111111111

71 3341 99 3381 11
113 3319 207 3384 ditus.
255 3343 351 3404 unus,
375 3322 521 3410 inquam,
548 3330 604 3390 aut
626 3346 721 3389 nemo
744 3346 898 3407 umquam
922 3330 954 3390 11
977 3326 1129 3391 Latinam

110 3407 258 3509 linguam
286 3414 319 3475 11
341 3411 518 3479 laudabilia
546 3433 691 3497 quaeque
719 3412 826 3476 studia
854 3419 997 3478 ueterem
1026 3415 1060 3478 in
1084 3415 1128 3479 di·

111 3501 272 3583 gnitatem
303 3498 492 3567 uindicabit.
538 3502 594 3585 qui
626 3518 699 3564 cum
730 3500 830 3564 frater
861 3501 960 3566 fuerit
992 3503 1044 3566 aui
1078 3503 1128 3567 tui
