2400 3922
347 147 500 205 XXXVIIL
526 147 662 205 Michaeli
678 147 824 213 'faniano
1051 149 1095 216 83

63 331 158 379 ,11111
199 309 246 375 ltt
268 308 369 375 simul
392 310 432 375 ad
455 309 612 397 quosdam
635 309 753 395 opibus
776 310 959 395 affluentes,
982 309 1095 379 multis

75 397 278 483 imperantes
306 397 496 464 nationibus
525 399 756 486 cogitationem
783 402 973 464 conuertens
1001 398 1094 465 doleo

75 486 184 552 uicem
205 487 369 552 bonarum
392 486 521 572 artium,
552 509 635 572 quae
658 487 845 552 deserantur
871 487 913 551 ab
937 487 990 571 iis,
1018 509 1095 572 quo-

74 596 150 640 rum
190 574 375 659 patrocinio
417 575 445 641 si
481 580 661 661 uterentur,
701 576 842 640 fructum
878 574 1095 640 retribuerent

75 685 167 749 eum,
200 662 258 748 qui
288 667 340 729 est
368 662 519 730 omuibus
547 663 692 748 imperiis
719 662 971 746 anteponendus.
1018 662 1096 746 quid
1121 685 1135 726 s

75 751 167 816 enim
190 755 242 816 est
264 750 508 817 immortalitate
526 751 766 837 praestantius?
799 751 871 836 quis
890 754 998 815 autem
1017 772 1095 836 eam,

76 838 140 905 nisi
179 838 340 905 beneficio
376 839 571 926 litterarum,
609 839 839 925 consequitur?
887 839 1026 903 laterent
1062 838 1097 902 in

76 927 228 993 tenebris
257 927 367 992 obruti
398 932 559 994 uetustate
589 927 753 1014 Caesares,
781 926 970 1012 Alexandri,
999 927 1095 1011 plane
1164 955 1169 967 ·

77 1015 187 1081 omnis
210 1015 404 1101 antiquitas,
426 1016 490 1082 nisi
512 1039 621 1082 rerum
643 1015 898 1101 praeclarissime
921 1019 1096 1102 gestarum,

76 1125 160 1190 quas
192 1125 271 1168 cum
304 1104 464 1190 audimus,
496 1105 645 1170 imitandi
677 1104 854 1189 cupiditate
886 1103 1096 1189 accendimur,
1111 1125 1136 1166 10

69 1196 200 1259 'testem
219 1192 413 1257 haberemus
430 1193 608 1258 historiam.
645 1191 713 1270 Quo
737 1192 842 1279 magis
860 1191 923 1256 tibi
941 1191 1095 1278 gratulor,

77 1279 231 1346 Antiates
260 1285 294 1344 et
325 1280 411 1345 idem
437 1280 593 1365 Princeps
623 1280 766 1368 egregie,
799 1280 854 1364 qui
886 1281 969 1345 hanc
1001 1302 1096 1344 uerae

77 1368 186 1434 laudis
209 1389 313 1453 paene
336 1390 469 1435 vacuam
491 1370 588 1434 hodie
606 1369 880 1454 possessionemt
882 1390 934 1433 am
955 1368 1061 1433 libent
1047 1372 1097 1433 ter

78 1479 222 1543 occupes
239 1461 446 1542 ueteremque
464 1457 622 1530 maiarum
641 1461 771 1523 tuorum
788 1457 828 1521 de
843 1456 994 1523 omnibus
1013 1457 1096 1522 bene

80 1544 227 1611 merendi
256 1566 374 1611 consue
375 1546 533 1632 tudinem,
561 1545 651 1610 nulla
680 1567 814 1630 prorsus
841 1549 970 1610 tuarum
998 1545 1098 1609 fcrtu-
1113 1564 1139 1606 11

71 1655 218 1699 marum·
214 1632 351 1699 ratione
378 1633 506 1720 habita,
533 1634 792 1699 constantissime
815 1655 849 1697 re
851 1632 963 1697 tineas
1006 1631 1099 1708 Quod

81 1744 160 1788 uero
185 1722 283 1787 istam
305 1722 461 1823 uirtutem
484 1685 577 1788 1111111
553 1727 596 1787 111
623 1727 790 1822 praeterea
806 1719 1010 1821 uirtutibus,
1037 1741 1098 1783 usu

81 1831 192 1876 rerum
228 1809 454 1896 maximarum,
490 1810 675 1895 prudent
631 1831 663 1873 11
712 1807 812 1874 doct
772 1812 869 1892 tuna,
907 1805 1099 1893 eloquentia,

82 1898 225 1964 maxime
248 1920 325 1963 uero
353 1898 535 1963 humanitat
487 1902 555 1963 tate
583 1861 788 1964 1111111111
754 1901 851 1982 atque
880 1917 1031 1983 exornas,
1058 1894 1099 1962 11

83 1986 169 2052 circo
194 1990 228 2051 et
246 1991 342 2051 antea
359 1986 481 2052 Romae
500 1987 651 2071 atquem
668 1985 735 2051 tuis
752 1985 972 2088 legationibus
990 1947 1099 2050 Eccle-
1113 2008 1140 2049 11

82 2075 149 2177 siae
172 2095 288 2140 caussa
310 2074 478 2160 susceptis,
501 2074 719 2176 magnificent
710 2074 819 2140 1ssime
837 2073 940 2174 gestis
963 2078 996 2137 et
1013 2095 1099 2138 nunc

83 2163 118 2229 in
139 2163 225 2229 urbe
247 2165 313 2246 tua,
337 2184 434 2247 quam
456 2162 568 2228 diuino
591 2162 688 2228 simul
711 2167 744 2227 et
764 2161 938 2227 humano'
928 2183 998 2226 rure
1021 2165 1099 2225 tem-

83 2273 189 2337 peras,
211 2272 386 2318 concursus
409 2251 482 2317 adt
467 2255 501 2317 te
524 2255 603 2335 quot
589 2251 668 2316 tidie
690 2253 773 2315 fiunt
778 2249 993 2351 optimorum
1016 2247 1099 2312 uiro·

83 2361 157 2405 rum
185 2343 353 2406 eteorum
375 2339 527 2424 maxime,
555 2339 611 2424 qui
639 2338 731 2404 aut
722 2337 787 2423 ipsi
814 2334 1023 2424 ingeniolitt
993 2336 1100 2402 tteris-

83 2450 147 2513 que
171 2431 339 2513 praestant
362 2433 418 2493 aut
441 2429 503 2493 salt
489 2432 556 2492 tem
575 2427 613 2492 de
632 2425 909 2514 ingeniorumlitt
911 2447 1100 2510 erarumque
1114 2447 1140 2489 11

84 2517 286 2601 praestantia
308 2515 449 2582 iudicare
472 2520 618 2601 possunt.
664 2516 785 2600 inquo
814 2537 909 2599 saepe
936 2515 1101 2580 1111111111

83 2627 214 2689 accuso,
246 2626 329 2688 quae
359 2604 440 2669 mihi
468 2604 656 2669 facultatem
685 2603 835 2669 ueniendi
865 2603 906 2667 ad
935 2607 984 2688 te,
1015 2602 1102 2688 quod

83 2716 173 2758 eram
195 2692 257 2757 hac
280 2697 403 2757 aestate
426 2692 592 2778 pollicitus
620 2696 653 2756 et
676 2691 772 2776 cupio
801 2692 1021 2775 uehementer,
1049 2691 1100 2755 ad·

84 2781 148 2848 huo
186 2780 318 2882 quidem
354 2780 481 2866 eripiat.
534 2781 621 2864 quod
657 2802 730 2846 11111
765 2779 893 2865 licebit,
928 2800 1100 2847 accurram

85 2869 165 2955 quid
187 2869 277 2935 enim
299 2869 363 2934 ista
385 2867 580 2934 amoenitate
606 2868 792 2955 iucundius,
820 2866 1142 2934 111111111111111-11

85 2893 201 3025 larius?
243 2957 322 3042 quid
348 2980 445 3042 porro
475 2957 515 3023 ad
543 2957 639 3022 beate
662 2920 837 3022 uiuendiim
860 2958 969 3020 deesse
993 2975 1036 3036 po
1038 2957 1102 3016 test

85 3048 123 3132 ei,
146 3045 206 3132 qui
229 3050 339 3111 tecum
361 3045 475 3112 uiuat?
511 3045 602 3111 cuius
624 3045 659 3109 in
682 3045 816 3110 aedibus
839 3043 981 3127 primum
1000 3039 1103 3103 oritur

86 3157 123 3200 ex
147 3141 208 3200 tua
231 3133 404 3218 disciplina
426 3135 539 3219 uirtus,
562 3133 676 3198 deinde
701 3133 822 3234 ancipit
845 3131 1001 3194 uirtutem
1023 3127 1103 3192 libe-

85 3224 208 3289 ralitas.
243 3221 317 3287 Hoc
334 3223 445 3326 igitur,
464 3245 537 3288 cum
555 3245 615 3306 per
632 3244 716 3309 nego
718 3222 764 3286 tia
718 3218 907 3286 tlicebit·
880 3222 960 3303 t,et
979 3240 1000 3283 11
1001 3216 1104 3282 tinam

87 3317 213 3379 mature
236 3311 341 3377 liceat.
388 3311 518 3377 mterim
542 3311 697 3375 memoria
719 3308 768 3375 tui
719 3309 922 3374 tfruart
907 3311 1004 3392 teque
1026 3306 1103 3371 licet
1090 3311 1144 3370 tea

87 3401 185 3466 hoct
171 3406 333 3467 terrarum
356 3400 462 3484 spatio
482 3399 622 3464 disiunct
608 3403 679 3463 tum
698 3398 810 3481 colam,
833 3401 869 3461 ut
893 3400 1104 3489 praesentem,

88 3511 145 3555 111
168 3490 274 3556 ullum
298 3511 375 3576 erga
397 3493 443 3574 te,
470 3487 556 3573 quod
578 3488 619 3551 ab
643 3484 811 3551 hominet
797 3485 899 3551 tuit
869 3480 1105 3573 studiosissimo

856 3587 893 3643 6*
