<?xml version="1.0" encoding="UTF-8"?>
<!DOCTYPE html PUBLIC "-//W3C//DTD XHTML 1.0 Transitional//EN"
    "http://www.w3.org/TR/xhtml1/DTD/xhtml1-transitional.dtd">
<html xmlns="http://www.w3.org/1999/xhtml" xml:lang="en" lang="en">
 <head>
  <title>
</title>
<meta http-equiv="Content-Type" content="text/html;charset=utf-8" />
  <meta name='ocr-system' content='tesseract 3.04.00' />
  <meta name='ocr-capabilities' content='ocr_page ocr_carea ocr_par ocr_line ocrx_word'/>
</head>
<body>
  <div class='ocr_page' id='page_1' title='image "./paulimanutiiepi00fickgoog_0026.png"; bbox 0 0 2400 3922; ppageno 0'>
   <div class='ocr_carea' id='block_1_1' title="bbox 362 161 1062 233">
    <p class='ocr_par' dir='ltr' id='par_1_1' title="bbox 362 161 1062 233">
     <span class='ocr_line' id='line_1_1' title="bbox 362 161 1062 233; baseline 0.004 -15"><span class='ocrx_word' id='word_1_1' title='bbox 362 163 431 233; x_wconf 38' lang='lat' dir='ltr'>,VIL</span> <span class='ocrx_word' id='word_1_2' title='bbox 459 161 593 218; x_wconf 82' lang='lat' dir='ltr'>Marcello</span> <span class='ocrx_word' id='word_1_3' title='bbox 613 161 742 219; x_wconf 82' lang='lat' dir='ltr'>Coruino.</span> <span class='ocrx_word' id='word_1_4' title='bbox 1021 167 1062 231; x_wconf 88' lang='lat'>13</span> 
     </span>
    </p>
   </div>
   <div class='ocr_carea' id='block_1_2' title="bbox 10 324 1175 3587">
    <p class='ocr_par' dir='ltr' id='par_1_2' title="bbox 10 324 1175 3587">
     <span class='ocr_line' id='line_1_2' title="bbox 10 324 1062 408; baseline 0.003 -20"><span class='ocrx_word' id='word_1_5' title='bbox 10 350 13 381; x_wconf 82' lang='lat'><em>2</em></span> <span class='ocrx_word' id='word_1_6' title='bbox 77 326 127 389; x_wconf 89' lang='lat' dir='ltr'>toto</span> <span class='ocrx_word' id='word_1_7' title='bbox 144 346 248 390; x_wconf 91' lang='lat' dir='ltr'>rerum</span> <span class='ocrx_word' id='word_1_8' title='bbox 266 345 411 389; x_wconf 89' lang='lat' dir='ltr'>mearum</span> <span class='ocrx_word' id='word_1_9' title='bbox 427 329 517 389; x_wconf 86' lang='lat' dir='ltr'>statu</span> <span class='ocrx_word' id='word_1_10' title='bbox 536 324 712 390; x_wconf 83' lang='lat' dir='ltr'>sollicitum</span> <span class='ocrx_word' id='word_1_11' title='bbox 729 324 874 408; x_wconf 78' lang='lat' dir='ltr'><strong>respexit</strong></span> <span class='ocrx_word' id='word_1_12' title='bbox 892 347 929 390; x_wconf 90' lang='lat' dir='ltr'>ao</span> <span class='ocrx_word' id='word_1_13' title='bbox 946 326 1062 392; x_wconf 90' lang='lat' dir='ltr'>libera-</span> 
     </span>
     <span class='ocr_line' id='line_1_3' title="bbox 76 411 1061 496; baseline 0.005 -21"><span class='ocrx_word' id='word_1_14' title='bbox 76 411 109 476; x_wconf 89' lang='grc' dir='ltr'>ιιι</span> <span class='ocrx_word' id='word_1_15' title='bbox 122 413 208 478; x_wconf 88' lang='lat' dir='ltr'>Deus.</span> <span class='ocrx_word' id='word_1_16' title='bbox 255 412 367 496; x_wconf 86' lang='lat' dir='ltr'>itaque</span> <span class='ocrx_word' id='word_1_17' title='bbox 389 413 478 478; x_wconf 90' lang='lat' dir='ltr'>omni</span> <span class='ocrx_word' id='word_1_18' title='bbox 501 413 597 496; x_wconf 86' lang='lat' dir='ltr'>plane</span> <span class='ocrx_word' id='word_1_19' title='bbox 617 413 765 477; x_wconf 89' lang='lat' dir='ltr'>molestia</span> <span class='ocrx_word' id='word_1_20' title='bbox 783 413 973 496; x_wconf 78' lang='lat' dir='ltr'>perfunctus</span> <span class='ocrx_word' id='word_1_21' title='bbox 992 438 1061 480; x_wconf 89' lang='lat' dir='ltr'>esse</span> 
     </span>
     <span class='ocr_line' id='line_1_4' title="bbox 73 501 1061 587; baseline 0.003 -21"><span class='ocrx_word' id='word_1_22' title='bbox 73 501 131 566; x_wconf 85' lang='lat' dir='ltr'>nihi</span> <span class='ocrx_word' id='word_1_23' title='bbox 150 501 268 566; x_wconf 89' lang='lat' dir='ltr'>uideor.</span> <span class='ocrx_word' id='word_1_24' title='bbox 307 501 386 585; x_wconf 90' lang='lat' dir='ltr'>quid</span> <span class='ocrx_word' id='word_1_25' title='bbox 408 501 557 585; x_wconf 82' lang='lat' dir='ltr'>quaeris?</span> <span class='ocrx_word' id='word_1_26' title='bbox 586 501 694 585; x_wconf 89' lang='lat' dir='ltr'>aliqua</span> <span class='ocrx_word' id='word_1_27' title='bbox 717 501 815 565; x_wconf 90' lang='lat' dir='ltr'>etiam</span> <span class='ocrx_word' id='word_1_28' title='bbox 834 502 933 566; x_wconf 89' lang='lat' dir='ltr'>offieii</span> <span class='ocrx_word' id='word_1_29' title='bbox 956 505 1061 587; x_wconf 89' lang='lat' dir='ltr'>speeie</span> 
     </span>
     <span class='ocr_line' id='line_1_5' title="bbox 72 547 1143 676; baseline 0.006 -25"><span class='ocrx_word' id='word_1_30' title='bbox 72 587 101 653; x_wconf 85' lang='lat' dir='ltr'>ab</span> <span class='ocrx_word' id='word_1_31' title='bbox 121 589 228 654; x_wconf 86' lang='lat' dir='ltr'>iisdem</span> <span class='ocrx_word' id='word_1_32' title='bbox 259 590 472 654; x_wconf 86' lang='lat' dir='ltr'>obseruamur</span> <span class='ocrx_word' id='word_1_33' title='bbox 499 611 537 654; x_wconf 90' lang='lat' dir='ltr'>ao</span> <span class='ocrx_word' id='word_1_34' title='bbox 565 612 598 654; x_wconf 87' lang='lat' dir='ltr'>se</span> <span class='ocrx_word' id='word_1_35' title='bbox 626 589 705 653; x_wconf 89' lang='lat' dir='ltr'>satis</span> <span class='ocrx_word' id='word_1_36' title='bbox 733 593 809 672; x_wconf 88' lang='lat' dir='ltr'>apte</span> <span class='ocrx_word' id='word_1_37' title='bbox 837 590 1061 676; x_wconf 70' lang='lat' dir='ltr'>simulationis,</span> <span class='ocrx_word' id='word_1_38' title='bbox 1117 547 1143 633; x_wconf 66' lang='lat' dir='ltr'>l</span> 
     </span>
     <span class='ocr_line' id='line_1_6' title="bbox 71 677 1148 829; baseline 0.004 -89"><span class='ocrx_word' id='word_1_39' title='bbox 71 680 96 740; x_wconf 88' lang='lat' dir='ltr'>ut</span> <span class='ocrx_word' id='word_1_40' title='bbox 112 679 230 762; x_wconf 85' lang='lat' dir='ltr'>opinor,</span> <span class='ocrx_word' id='word_1_41' title='bbox 253 677 390 743; x_wconf 85' lang='lat' dir='ltr'>artifieio</span> <span class='ocrx_word' id='word_1_42' title='bbox 413 682 554 742; x_wconf 88' lang='lat' dir='ltr'>tuentur.</span> <span class='ocrx_word' id='word_1_43' title='bbox 598 678 745 829; x_wconf 77' lang='lat' dir='ltr'>aoeipere</span> <span class='ocrx_word' id='word_1_44' title='bbox 769 681 877 742; x_wconf 88' lang='lat' dir='ltr'>tamen</span> <span class='ocrx_word' id='word_1_45' title='bbox 901 679 987 762; x_wconf 92' lang='lat' dir='ltr'>quod</span> <span class='ocrx_word' id='word_1_46' title='bbox 1010 680 1061 743; x_wconf 90' lang='lat' dir='ltr'>da·</span> <span class='ocrx_word' id='word_1_47' title='bbox 1089 704 1102 745; x_wconf 78' lang='grc' dir='ltr'>ι</span> <span class='ocrx_word' id='word_1_48' title='bbox 1140 679 1148 716; x_wconf 83' lang='lat'>¹</span> 
     </span>
     <span class='ocr_line' id='line_1_7' title="bbox 70 765 1062 850; baseline 0.003 -21"><span class='ocrx_word' id='word_1_49' title='bbox 70 766 117 850; x_wconf 87' lang='lat' dir='ltr'>tur,</span> <span class='ocrx_word' id='word_1_50' title='bbox 141 787 344 850; x_wconf 81' lang='lat' dir='ltr'>quocumque</span> <span class='ocrx_word' id='word_1_51' title='bbox 372 765 479 831; x_wconf 86' lang='lat' dir='ltr'>animo</span> <span class='ocrx_word' id='word_1_52' title='bbox 503 766 558 830; x_wconf 91' lang='lat' dir='ltr'>det</span> <span class='ocrx_word' id='word_1_53' title='bbox 544 771 610 848; x_wconf 88' lang='lat' dir='ltr'>tur,</span> <span class='ocrx_word' id='word_1_54' title='bbox 637 765 733 830; x_wconf 79' lang='lat' dir='ltr'>insuit</span> <span class='ocrx_word' id='word_1_55' title='bbox 734 765 784 830; x_wconf 89' lang='lat' dir='ltr'>iae</span> <span class='ocrx_word' id='word_1_56' title='bbox 809 789 876 830; x_wconf 88' lang='lat' dir='ltr'>nou</span> <span class='ocrx_word' id='word_1_57' title='bbox 899 771 956 830; x_wconf 92' lang='lat' dir='ltr'>est.</span> <span class='ocrx_word' id='word_1_58' title='bbox 1002 790 1062 832; x_wconf 89' lang='lat' dir='ltr'>nee</span> 
     </span>
     <span class='ocr_line' id='line_1_8' title="bbox 69 850 1059 938; baseline 0.004 -23"><span class='ocrx_word' id='word_1_59' title='bbox 69 850 191 919; x_wconf 85' lang='lat' dir='ltr'>hodierni</span> <span class='ocrx_word' id='word_1_60' title='bbox 228 876 334 919; x_wconf 91' lang='lat' dir='ltr'>mores</span> <span class='ocrx_word' id='word_1_61' title='bbox 371 858 403 917; x_wconf 93' lang='lat' dir='ltr'>et</span> <span class='ocrx_word' id='word_1_62' title='bbox 435 855 519 919; x_wconf 89' lang='lat' dir='ltr'>ratio</span> <span class='ocrx_word' id='word_1_63' title='bbox 556 858 741 938; x_wconf 89' lang='lat' dir='ltr'>temporum</span> <span class='ocrx_word' id='word_1_64' title='bbox 778 876 869 919; x_wconf 83' lang='lat' dir='ltr'>secus</span> <span class='ocrx_word' id='word_1_65' title='bbox 905 859 982 938; x_wconf 89' lang='lat' dir='ltr'>post</span> <span class='ocrx_word' id='word_1_66' title='bbox 968 856 1059 920; x_wconf 92' lang='grc' dir='ltr'>ιιιιιι</span> 
     </span>
     <span class='ocr_line' id='line_1_9' title="bbox 68 937 1060 1026; baseline 0.005 -23"><span class='ocrx_word' id='word_1_67' title='bbox 68 937 157 1007; x_wconf 75' lang='lat' dir='ltr'>Cetera</span> <span class='ocrx_word' id='word_1_68' title='bbox 186 941 320 1007; x_wconf 83' lang='lat' dir='ltr'>suntin</span> <span class='ocrx_word' id='word_1_69' title='bbox 342 942 422 1007; x_wconf 87' lang='lat' dir='ltr'>meis</span> <span class='ocrx_word' id='word_1_70' title='bbox 450 944 549 1008; x_wconf 90' lang='lat' dir='ltr'>rebus</span> <span class='ocrx_word' id='word_1_71' title='bbox 576 964 643 1006; x_wconf 88' lang='lat' dir='ltr'>uon</span> <span class='ocrx_word' id='word_1_72' title='bbox 670 943 766 1026; x_wconf 88' lang='lat' dir='ltr'>plane</span> <span class='ocrx_word' id='word_1_73' title='bbox 795 943 974 1008; x_wconf 82' lang='lat' dir='ltr'>cuiusmodi</span> <span class='ocrx_word' id='word_1_74' title='bbox 1000 966 1060 1008; x_wconf 88' lang='lat' dir='ltr'>nos</span> 
     </span>
     <span class='ocr_line' id='line_1_10' title="bbox 66 1030 1058 1115; baseline 0.003 -21.05"><span class='ocrx_word' id='word_1_75' title='bbox 66 1031 255 1113; x_wconf 85' lang='lat' dir='ltr'>putabamus,</span> <span class='ocrx_word' id='word_1_76' title='bbox 290 1031 347 1095; x_wconf 88' lang='lat' dir='ltr'>sed</span> <span class='ocrx_word' id='word_1_77' title='bbox 377 1030 557 1096; x_wconf 80' lang='lat' dir='ltr'>cuiusmodi</span> <span class='ocrx_word' id='word_1_78' title='bbox 589 1035 698 1094; x_wconf 90' lang='lat' dir='ltr'>tamen</span> <span class='ocrx_word' id='word_1_79' title='bbox 732 1031 826 1095; x_wconf 90' lang='lat' dir='ltr'>multi</span> <span class='ocrx_word' id='word_1_80' title='bbox 854 1054 920 1096; x_wconf 88' lang='lat' dir='ltr'>nou</span> <span class='ocrx_word' id='word_1_81' title='bbox 953 1055 1058 1115; x_wconf 89' lang='lat' dir='ltr'>spera·</span> 
     </span>
     <span class='ocr_line' id='line_1_11' title="bbox 108 1119 1100 1221; baseline 0.003 -39.228"><span class='ocrx_word' id='word_1_82' title='bbox 108 1119 300 1203; x_wconf 92' lang='lat' dir='ltr'>tquibus</span> <span class='ocrx_word' id='word_1_83' title='bbox 331 1119 423 1203; x_wconf 91' lang='grc' dir='ltr'>ιιιιι,</span> <span class='ocrx_word' id='word_1_84' title='bbox 456 1141 538 1202; x_wconf 91' lang='lat' dir='ltr'>quae</span> <span class='ocrx_word' id='word_1_85' title='bbox 570 1140 655 1183; x_wconf 85' lang='lat' dir='ltr'>nune</span> <span class='ocrx_word' id='word_1_86' title='bbox 687 1119 827 1203; x_wconf 83' lang='lat' dir='ltr'><strong>agimus,</strong></span> <span class='ocrx_word' id='word_1_87' title='bbox 841 1121 1100 1221; x_wconf 81' lang='lat' dir='ltr'>amplissimam</span> 
     </span>
     <span class='ocr_line' id='line_1_12' title="bbox 63 1138 1060 1360; baseline 0.005 -91"><span class='ocrx_word' id='word_1_88' title='bbox 63 1138 154 1272; x_wconf 81' lang='lat' dir='ltr'>uident</span> <span class='ocrx_word' id='word_1_89' title='bbox 140 1213 195 1272; x_wconf 90' lang='lat' dir='ltr'>tur</span> <span class='ocrx_word' id='word_1_90' title='bbox 219 1229 298 1291; x_wconf 89' lang='lat' dir='ltr'>esse,</span> <span class='ocrx_word' id='word_1_91' title='bbox 322 1228 394 1272; x_wconf 89' lang='lat' dir='ltr'>oum</span> <span class='ocrx_word' id='word_1_92' title='bbox 417 1229 477 1272; x_wconf 91' lang='lat' dir='ltr'>nos</span> <span class='ocrx_word' id='word_1_93' title='bbox 499 1229 576 1359; x_wconf 89' lang='lat' dir='ltr'>prae</span> <span class='ocrx_word' id='word_1_94' title='bbox 599 1207 649 1292; x_wconf 90' lang='lat' dir='ltr'>iis,</span> <span class='ocrx_word' id='word_1_95' title='bbox 672 1229 763 1290; x_wconf 91' lang='lat' dir='ltr'>quae,</span> <span class='ocrx_word' id='word_1_96' title='bbox 786 1208 849 1271; x_wconf 88' lang='lat' dir='ltr'>nisi</span> <span class='ocrx_word' id='word_1_97' title='bbox 873 1208 959 1360; x_wconf 71' lang='lat' dir='ltr'>quist</span> <span class='ocrx_word' id='word_1_98' title='bbox 969 1231 1060 1274; x_wconf 89' lang='lat' dir='ltr'>oasus</span> 
     </span>
     <span class='ocr_line' id='line_1_13' title="bbox 60 1258 1060 1393; baseline 0.005 -36"><span class='ocrx_word' id='word_1_99' title='bbox 60 1301 118 1360; x_wconf 87' lang='lat' dir='ltr'>nost</span> <span class='ocrx_word' id='word_1_100' title='bbox 119 1296 162 1362; x_wconf 91' lang='lat' dir='ltr'>ris</span> <span class='ocrx_word' id='word_1_101' title='bbox 191 1258 335 1360; x_wconf 79' lang='lat' dir='ltr'>consiliis</span> <span class='ocrx_word' id='word_1_102' title='bbox 358 1296 532 1360; x_wconf 81' lang='lat' dir='ltr'>occurrerit</span> <span class='ocrx_word' id='word_1_103' title='bbox 532 1317 660 1393; x_wconf 85' lang='lat' dir='ltr'>,agere</span> <span class='ocrx_word' id='word_1_104' title='bbox 679 1295 851 1378; x_wconf 89' lang='lat' dir='ltr'>aliquando</span> <span class='ocrx_word' id='word_1_105' title='bbox 871 1296 959 1382; x_wconf 83' lang='lat' dir='ltr'>cogit</span> <span class='ocrx_word' id='word_1_106' title='bbox 960 1318 1060 1382; x_wconf 90' lang='lat' dir='ltr'>amus,</span> 
     </span>
     <span class='ocr_line' id='line_1_14' title="bbox 33 1349 1060 1468; baseline 0.003 -22"><span class='ocrx_word' id='word_1_107' title='bbox 33 1433 35 1439; x_wconf 92' lang='lat'><em>.</em></span> <span class='ocrx_word' id='word_1_108' title='bbox 60 1385 234 1449; x_wconf 87' lang='lat' dir='ltr'>tenuissima</span> <span class='ocrx_word' id='word_1_109' title='bbox 256 1383 444 1449; x_wconf 90' lang='lat' dir='ltr'>iudieemus.</span> <span class='ocrx_word' id='word_1_110' title='bbox 491 1406 588 1468; x_wconf 93' lang='lat' dir='ltr'>quam</span> <span class='ocrx_word' id='word_1_111' title='bbox 611 1383 740 1466; x_wconf 86' lang='lat' dir='ltr'>quidem</span> <span class='ocrx_word' id='word_1_112' title='bbox 763 1384 803 1447; x_wconf 90' lang='lat' dir='ltr'>ad</span> <span class='ocrx_word' id='word_1_113' title='bbox 826 1406 895 1447; x_wconf 91' lang='lat' dir='ltr'>rem</span> <span class='ocrx_word' id='word_1_114' title='bbox 914 1385 1001 1468; x_wconf 93' lang='lat' dir='ltr'>quod</span> <span class='ocrx_word' id='word_1_115' title='bbox 1023 1349 1060 1450; x_wconf 84' lang='grc' dir='ltr'>ιιι</span> 
     </span>
     <span class='ocr_line' id='line_1_15' title="bbox 59 1472 1059 1558; baseline 0.003 -24"><span class='ocrx_word' id='word_1_116' title='bbox 59 1473 160 1558; x_wconf 83' lang='lat' dir='ltr'>omnia,</span> <span class='ocrx_word' id='word_1_117' title='bbox 184 1494 266 1556; x_wconf 88' lang='lat' dir='ltr'>quae</span> <span class='ocrx_word' id='word_1_118' title='bbox 290 1472 325 1535; x_wconf 90' lang='lat' dir='ltr'>in</span> <span class='ocrx_word' id='word_1_119' title='bbox 347 1475 389 1536; x_wconf 87' lang='lat' dir='ltr'>te.</span> <span class='ocrx_word' id='word_1_120' title='bbox 403 1476 489 1555; x_wconf 89' lang='lat' dir='ltr'>sunt,</span> <span class='ocrx_word' id='word_1_121' title='bbox 511 1472 738 1536; x_wconf 77' lang='lat' dir='ltr'>liberalissime</span> <span class='ocrx_word' id='word_1_122' title='bbox 761 1472 937 1557; x_wconf 81' lang='lat' dir='ltr'>polliceris,</span> <span class='ocrx_word' id='word_1_123' title='bbox 962 1474 1059 1557; x_wconf 94' lang='lat' dir='ltr'>quod-</span> 
     </span>
     <span class='ocr_line' id='line_1_16' title="bbox 58 1560 1175 1644; baseline 0 -20"><span class='ocrx_word' id='word_1_124' title='bbox 58 1580 107 1642; x_wconf 90' lang='lat' dir='ltr'>que</span> <span class='ocrx_word' id='word_1_125' title='bbox 128 1560 351 1625; x_wconf 79' lang='lat' dir='ltr'><strong>Alexandrum</strong></span> <span class='ocrx_word' id='word_1_126' title='bbox 379 1561 477 1626; x_wconf 92' lang='lat' dir='ltr'>etiam</span> <span class='ocrx_word' id='word_1_127' title='bbox 498 1560 700 1644; x_wconf 82' lang='lat' dir='ltr'>Farnesium,</span> <span class='ocrx_word' id='word_1_128' title='bbox 728 1564 947 1643; x_wconf 76' lang='lat' dir='ltr'>praestantem</span> <span class='ocrx_word' id='word_1_129' title='bbox 971 1562 1059 1625; x_wconf 88' lang='lat' dir='ltr'>omni</span> <span class='ocrx_word' id='word_1_130' title='bbox 1075 1584 1100 1624; x_wconf 82' lang='grc' dir='ltr'>ιι</span> <span class='ocrx_word' id='word_1_131' title='bbox 1171 1600 1175 1609; x_wconf 72' lang='lat'><em>‹</em></span> 
     </span>
     <span class='ocr_line' id='line_1_17' title="bbox 10 1648 1078 1731; baseline -0.002 -18"><span class='ocrx_word' id='word_1_132' title='bbox 10 1650 12 1663; x_wconf 92' lang='lat'>&#39;</span> <span class='ocrx_word' id='word_1_133' title='bbox 58 1648 166 1713; x_wconf 83' lang='lat' dir='ltr'>uirtute</span> <span class='ocrx_word' id='word_1_134' title='bbox 195 1648 414 1731; x_wconf 79' lang='lat' dir='ltr'>Cardinalem,</span> <span class='ocrx_word' id='word_1_135' title='bbox 441 1649 476 1713; x_wconf 88' lang='lat' dir='ltr'>iu</span> <span class='ocrx_word' id='word_1_136' title='bbox 508 1649 642 1713; x_wconf 88' lang='lat' dir='ltr'>eandem</span> <span class='ocrx_word' id='word_1_137' title='bbox 673 1649 832 1713; x_wconf 89' lang='lat' dir='ltr'>rationem</span> <span class='ocrx_word' id='word_1_138' title='bbox 862 1650 1078 1731; x_wconf 88' lang='lat' dir='ltr'>propensum</span> 
     </span>
     <span class='ocr_line' id='line_1_18' title="bbox 56 1736 1059 1821; baseline -0.002 -19"><span class='ocrx_word' id='word_1_139' title='bbox 56 1757 113 1802; x_wconf 82' lang='lat' dir='ltr'>esse</span> <span class='ocrx_word' id='word_1_140' title='bbox 136 1737 293 1802; x_wconf 86' lang='lat' dir='ltr'>affirmas:</span> <span class='ocrx_word' id='word_1_141' title='bbox 321 1736 471 1821; x_wconf 82' lang='lat' dir='ltr'>equidem</span> <span class='ocrx_word' id='word_1_142' title='bbox 498 1737 536 1800; x_wconf 89' lang='lat' dir='ltr'>de</span> <span class='ocrx_word' id='word_1_143' title='bbox 565 1741 597 1802; x_wconf 91' lang='lat' dir='ltr'>te</span> <span class='ocrx_word' id='word_1_144' title='bbox 626 1736 671 1801; x_wconf 90' lang='lat' dir='ltr'>sio</span> <span class='ocrx_word' id='word_1_145' title='bbox 695 1736 857 1818; x_wconf 78' lang='lat' dir='ltr'>existimo,</span> <span class='ocrx_word' id='word_1_146' title='bbox 885 1739 917 1798; x_wconf 92' lang='lat' dir='ltr'>et</span> <span class='ocrx_word' id='word_1_147' title='bbox 940 1737 1059 1801; x_wconf 91' lang='lat' dir='ltr'>multas</span> 
     </span>
     <span class='ocr_line' id='line_1_19' title="bbox 56 1825 1059 1909; baseline 0.001 -22"><span class='ocrx_word' id='word_1_148' title='bbox 56 1845 112 1890; x_wconf 84' lang='lat' dir='ltr'>esse</span> <span class='ocrx_word' id='word_1_149' title='bbox 135 1848 202 1909; x_wconf 88' lang='grc' dir='ltr'>ιιι,</span> <span class='ocrx_word' id='word_1_150' title='bbox 229 1825 264 1889; x_wconf 89' lang='lat' dir='ltr'>in</span> <span class='ocrx_word' id='word_1_151' title='bbox 293 1825 412 1908; x_wconf 92' lang='lat' dir='ltr'>quibus</span> <span class='ocrx_word' id='word_1_152' title='bbox 438 1825 544 1895; x_wconf 84' lang='lat' dir='ltr'>iuuari</span> <span class='ocrx_word' id='word_1_153' title='bbox 572 1849 591 1890; x_wconf 96' lang='grc' dir='ltr'>ι</span> <span class='ocrx_word' id='word_1_154' title='bbox 614 1830 647 1889; x_wconf 89' lang='grc' dir='ltr'>ιι</span> <span class='ocrx_word' id='word_1_155' title='bbox 675 1828 814 1908; x_wconf 88' lang='lat' dir='ltr'>protua</span> <span class='ocrx_word' id='word_1_156' title='bbox 841 1829 1059 1890; x_wconf 88' lang='lat' dir='ltr'>summatum</span> 
     </span>
     <span class='ocr_line' id='line_1_20' title="bbox 54 1911 1058 1999; baseline 0 -21"><span class='ocrx_word' id='word_1_157' title='bbox 54 1912 217 1999; x_wconf 77' lang='lat' dir='ltr'>dignitate,</span> <span class='ocrx_word' id='word_1_158' title='bbox 245 1918 316 1977; x_wconf 91' lang='lat' dir='ltr'>tum</span> <span class='ocrx_word' id='word_1_159' title='bbox 344 1913 442 1977; x_wconf 90' lang='lat' dir='ltr'>etiam</span> <span class='ocrx_word' id='word_1_160' title='bbox 465 1915 595 1979; x_wconf 83' lang='lat' dir='ltr'>fortuna</span> <span class='ocrx_word' id='word_1_161' title='bbox 618 1913 752 1997; x_wconf 88' lang='lat' dir='ltr'>possim,</span> <span class='ocrx_word' id='word_1_162' title='bbox 780 1917 812 1977; x_wconf 92' lang='lat' dir='ltr'>et</span> <span class='ocrx_word' id='word_1_163' title='bbox 839 1911 874 1976; x_wconf 89' lang='lat' dir='ltr'>in</span> <span class='ocrx_word' id='word_1_164' title='bbox 897 1912 937 1977; x_wconf 89' lang='lat' dir='ltr'>iis</span> <span class='ocrx_word' id='word_1_165' title='bbox 960 1914 1058 1978; x_wconf 88' lang='lat' dir='ltr'>rebus</span> 
     </span>
     <span class='ocr_line' id='line_1_21' title="bbox 53 2001 1100 2087; baseline 0.001 -24"><span class='ocrx_word' id='word_1_166' title='bbox 53 2021 218 2087; x_wconf 89' lang='lat' dir='ltr'>nunquam·</span> <span class='ocrx_word' id='word_1_167' title='bbox 237 2001 368 2067; x_wconf 85' lang='lat' dir='ltr'>omniuo</span> <span class='ocrx_word' id='word_1_168' title='bbox 397 2002 477 2066; x_wconf 86' lang='lat' dir='ltr'>mihi</span> <span class='ocrx_word' id='word_1_169' title='bbox 505 2007 597 2068; x_wconf 87' lang='lat' dir='ltr'>tuam</span> <span class='ocrx_word' id='word_1_170' title='bbox 620 2023 689 2066; x_wconf 93' lang='lat' dir='ltr'>esse</span> <span class='ocrx_word' id='word_1_171' title='bbox 712 2001 895 2066; x_wconf 89' lang='lat' dir='ltr'>humanitat</span> <span class='ocrx_word' id='word_1_172' title='bbox 846 2005 948 2066; x_wconf 91' lang='lat' dir='ltr'>tatem</span> <span class='ocrx_word' id='word_1_173' title='bbox 972 2001 1058 2066; x_wconf 92' lang='lat' dir='ltr'>defu·</span> <span class='ocrx_word' id='word_1_174' title='bbox 1073 2025 1100 2064; x_wconf 82' lang='grc' dir='ltr'>ιο</span> 
     </span>
     <span class='ocr_line' id='line_1_22' title="bbox 53 2089 1059 2189; baseline -0.001 -35"><span class='ocrx_word' id='word_1_175' title='bbox 53 2092 156 2154; x_wconf 88' lang='lat' dir='ltr'>turam.</span> <span class='ocrx_word' id='word_1_176' title='bbox 184 2090 446 2155; x_wconf 85' lang='lat' dir='ltr'>Famesiumt</span> <span class='ocrx_word' id='word_1_177' title='bbox 390 2095 446 2164; x_wconf 81' lang='lat' dir='ltr'>aut</span> <span class='ocrx_word' id='word_1_178' title='bbox 448 2113 509 2174; x_wconf 90' lang='lat' dir='ltr'>em,</span> <span class='ocrx_word' id='word_1_179' title='bbox 523 2090 670 2155; x_wconf 87' lang='lat' dir='ltr'>diuinum</span> <span class='ocrx_word' id='word_1_180' title='bbox 684 2089 928 2189; x_wconf 75' lang='lat' dir='ltr'>adolescentem,</span> <span class='ocrx_word' id='word_1_181' title='bbox 946 2094 1059 2153; x_wconf 86' lang='lat' dir='ltr'>uatum</span> 
     </span>
     <span class='ocr_line' id='line_1_23' title="bbox 52 2177 1058 2278; baseline -0.002 -37"><span class='ocrx_word' id='word_1_182' title='bbox 52 2177 85 2241; x_wconf 84' lang='grc' dir='ltr'>ιιι</span> <span class='ocrx_word' id='word_1_183' title='bbox 104 2178 390 2243; x_wconf 82' lang='lat' dir='ltr'>liberahtatem</span> <span class='ocrx_word' id='word_1_184' title='bbox 357 2182 390 2242; x_wconf 93' lang='lat' dir='ltr'>e</span> <span class='ocrx_word' id='word_1_185' title='bbox 408 2178 449 2242; x_wconf 91' lang='lat' dir='ltr'>ad</span> <span class='ocrx_word' id='word_1_186' title='bbox 467 2178 613 2278; x_wconf 79' lang='lat' dir='ltr'>gloriam,</span> <span class='ocrx_word' id='word_1_187' title='bbox 635 2200 701 2242; x_wconf 89' lang='lat' dir='ltr'>non</span> <span class='ocrx_word' id='word_1_188' title='bbox 715 2178 814 2242; x_wconf 87' lang='lat' dir='ltr'>miror</span> <span class='ocrx_word' id='word_1_189' title='bbox 829 2199 865 2240; x_wconf 89' lang='lat' dir='ltr'>eo</span> <span class='ocrx_word' id='word_1_190' title='bbox 890 2199 957 2240; x_wconf 90' lang='lat' dir='ltr'>esse</span> <span class='ocrx_word' id='word_1_191' title='bbox 982 2198 1058 2261; x_wconf 86' lang='lat' dir='ltr'>erga</span> 
     </span>
     <span class='ocr_line' id='line_1_24' title="bbox 52 2263 1058 2365; baseline -0.004 -33"><span class='ocrx_word' id='word_1_192' title='bbox 52 2266 201 2332; x_wconf 87' lang='lat' dir='ltr'>uirtutem</span> <span class='ocrx_word' id='word_1_193' title='bbox 214 2267 332 2351; x_wconf 89' lang='lat' dir='ltr'>animo,</span> <span class='ocrx_word' id='word_1_194' title='bbox 351 2288 417 2365; x_wconf 84' lang='lat' dir='ltr'>quo</span> <span class='ocrx_word' id='word_1_195' title='bbox 435 2267 509 2350; x_wconf 88' lang='lat' dir='ltr'>quia</span> <span class='ocrx_word' id='word_1_196' title='bbox 524 2288 650 2350; x_wconf 85' lang='lat' dir='ltr'>semper</span> <span class='ocrx_word' id='word_1_197' title='bbox 668 2265 731 2330; x_wconf 84' lang='lat' dir='ltr'>fuit</span> <span class='ocrx_word' id='word_1_198' title='bbox 717 2270 829 2329; x_wconf 88' lang='lat' dir='ltr'>tauus</span> <span class='ocrx_word' id='word_1_199' title='bbox 848 2263 925 2349; x_wconf 92' lang='lat' dir='ltr'>eius,</span> <span class='ocrx_word' id='word_1_200' title='bbox 943 2264 1058 2328; x_wconf 89' lang='lat' dir='ltr'>ieeireo</span> 
     </span>
     <span class='ocr_line' id='line_1_25' title="bbox 50 2353 1057 2441; baseline -0.001 -24"><span class='ocrx_word' id='word_1_201' title='bbox 50 2354 175 2420; x_wconf 89' lang='lat' dir='ltr'>adeum</span> <span class='ocrx_word' id='word_1_202' title='bbox 193 2354 340 2441; x_wconf 83' lang='lat' dir='ltr'>gradum,</span> <span class='ocrx_word' id='word_1_203' title='bbox 364 2354 419 2438; x_wconf 91' lang='lat' dir='ltr'>qui</span> <span class='ocrx_word' id='word_1_204' title='bbox 443 2354 520 2419; x_wconf 91' lang='lat' dir='ltr'>est</span> <span class='ocrx_word' id='word_1_205' title='bbox 511 2378 547 2419; x_wconf 91' lang='lat' dir='ltr'>m</span> <span class='ocrx_word' id='word_1_206' title='bbox 563 2355 658 2418; x_wconf 90' lang='lat' dir='ltr'>terris</span> <span class='ocrx_word' id='word_1_207' title='bbox 677 2375 821 2418; x_wconf 90' lang='lat' dir='ltr'>summus</span> <span class='ocrx_word' id='word_1_208' title='bbox 845 2356 877 2417; x_wconf 91' lang='lat' dir='ltr'>et</span> <span class='ocrx_word' id='word_1_209' title='bbox 900 2357 1017 2439; x_wconf 83' lang='lat' dir='ltr'>august</span> <span class='ocrx_word' id='word_1_210' title='bbox 1019 2353 1057 2417; x_wconf 91' lang='lat' dir='ltr'>is-</span> 
     </span>
     <span class='ocr_line' id='line_1_26' title="bbox 50 2441 1098 2527; baseline 0 -23"><span class='ocrx_word' id='word_1_211' title='bbox 50 2441 153 2525; x_wconf 85' lang='lat' dir='ltr'>simus,</span> <span class='ocrx_word' id='word_1_212' title='bbox 172 2443 234 2507; x_wconf 89' lang='lat' dir='ltr'>diis</span> <span class='ocrx_word' id='word_1_213' title='bbox 248 2443 501 2527; x_wconf 81' lang='lat' dir='ltr'>hominibusque</span> <span class='ocrx_word' id='word_1_214' title='bbox 519 2442 707 2507; x_wconf 90' lang='lat' dir='ltr'>uolentibus</span> <span class='ocrx_word' id='word_1_215' title='bbox 721 2441 894 2506; x_wconf 82' lang='lat' dir='ltr'>adscendit.</span> <span class='ocrx_word' id='word_1_216' title='bbox 931 2464 968 2505; x_wconf 91' lang='grc' dir='ltr'>ιι</span> <span class='ocrx_word' id='word_1_217' title='bbox 982 2464 1057 2506; x_wconf 88' lang='lat' dir='ltr'>sane</span> <span class='ocrx_word' id='word_1_218' title='bbox 1073 2464 1098 2504; x_wconf 81' lang='grc' dir='ltr'>ιι</span> 
     </span>
     <span class='ocr_line' id='line_1_27' title="bbox 48 2528 1057 2632; baseline 0.001 -39"><span class='ocrx_word' id='word_1_219' title='bbox 48 2528 99 2593; x_wconf 89' lang='lat' dir='ltr'>ille</span> <span class='ocrx_word' id='word_1_220' title='bbox 120 2553 196 2595; x_wconf 91' lang='lat' dir='ltr'>eum</span> <span class='ocrx_word' id='word_1_221' title='bbox 219 2531 396 2595; x_wconf 78' lang='lat' dir='ltr'>domestico</span> <span class='ocrx_word' id='word_1_222' title='bbox 420 2532 625 2632; x_wconf 82' lang='lat' dir='ltr'>exemplo,t</span> <span class='ocrx_word' id='word_1_223' title='bbox 627 2553 681 2595; x_wconf 93' lang='lat' dir='ltr'>um</span> <span class='ocrx_word' id='word_1_224' title='bbox 704 2531 808 2595; x_wconf 90' lang='lat' dir='ltr'>multo</span> <span class='ocrx_word' id='word_1_225' title='bbox 832 2530 930 2594; x_wconf 88' lang='lat' dir='ltr'>etiam</span> <span class='ocrx_word' id='word_1_226' title='bbox 952 2531 1057 2616; x_wconf 87' lang='lat' dir='ltr'>magis</span> 
     </span>
     <span class='ocr_line' id='line_1_28' title="bbox 47 2618 1057 2704; baseline 0.002 -24"><span class='ocrx_word' id='word_1_227' title='bbox 47 2619 175 2704; x_wconf 83' lang='lat' dir='ltr'>egregia</span> <span class='ocrx_word' id='word_1_228' title='bbox 198 2618 303 2702; x_wconf 86' lang='lat' dir='ltr'>ipsius</span> <span class='ocrx_word' id='word_1_229' title='bbox 321 2623 437 2683; x_wconf 87' lang='lat' dir='ltr'>natura</span> <span class='ocrx_word' id='word_1_230' title='bbox 456 2619 527 2683; x_wconf 93' lang='lat' dir='ltr'>ad</span> <span class='ocrx_word' id='word_1_231' title='bbox 519 2624 650 2684; x_wconf 84' lang='lat' dir='ltr'>immort</span> <span class='ocrx_word' id='word_1_232' title='bbox 636 2619 709 2683; x_wconf 88' lang='lat' dir='ltr'>atlit</span> <span class='ocrx_word' id='word_1_233' title='bbox 695 2619 772 2682; x_wconf 86' lang='lat' dir='ltr'>tatis</span> <span class='ocrx_word' id='word_1_234' title='bbox 790 2618 918 2682; x_wconf 89' lang='lat' dir='ltr'>laudem</span> <span class='ocrx_word' id='word_1_235' title='bbox 941 2618 1057 2682; x_wconf 84' lang='lat' dir='ltr'>exeita-</span> 
     </span>
     <span class='ocr_line' id='line_1_29' title="bbox 45 2707 1058 2808; baseline 0 -38"><span class='ocrx_word' id='word_1_236' title='bbox 45 2709 95 2770; x_wconf 86' lang='lat' dir='ltr'>tus</span> <span class='ocrx_word' id='word_1_237' title='bbox 113 2728 209 2807; x_wconf 81' lang='lat' dir='ltr'>saepe</span> <span class='ocrx_word' id='word_1_238' title='bbox 228 2707 316 2792; x_wconf 88' lang='lat' dir='ltr'>alias,</span> <span class='ocrx_word' id='word_1_239' title='bbox 331 2708 448 2808; x_wconf 41' lang='lat' dir='ltr'>quanti·</span> <span class='ocrx_word' id='word_1_240' title='bbox 462 2709 632 2772; x_wconf 92' lang='lat' dir='ltr'>bonast</span> <span class='ocrx_word' id='word_1_241' title='bbox 583 2712 632 2772; x_wconf 88' lang='lat' dir='ltr'>art</span> <span class='ocrx_word' id='word_1_242' title='bbox 634 2730 668 2772; x_wconf 91' lang='lat' dir='ltr'>es</span> <span class='ocrx_word' id='word_1_243' title='bbox 686 2709 814 2792; x_wconf 81' lang='lat' dir='ltr'>faceret,</span> <span class='ocrx_word' id='word_1_244' title='bbox 833 2711 884 2771; x_wconf 90' lang='lat' dir='ltr'>ost</span> <span class='ocrx_word' id='word_1_245' title='bbox 870 2707 983 2789; x_wconf 89' lang='lat' dir='ltr'>tendit,</span> <span class='ocrx_word' id='word_1_246' title='bbox 1002 2707 1058 2770; x_wconf 90' lang='lat' dir='ltr'>sed</span> 
     </span>
     <span class='ocr_line' id='line_1_30' title="bbox 43 2794 1056 2895; baseline -0.001 -37"><span class='ocrx_word' id='word_1_247' title='bbox 43 2795 187 2895; x_wconf 85' lang='lat' dir='ltr'>proxime</span> <span class='ocrx_word' id='word_1_248' title='bbox 215 2794 304 2858; x_wconf 93' lang='lat' dir='ltr'>uel</span> <span class='ocrx_word' id='word_1_249' title='bbox 294 2817 329 2858; x_wconf 90' lang='lat' dir='ltr'>m</span> <span class='ocrx_word' id='word_1_250' title='bbox 353 2796 483 2879; x_wconf 88' lang='lat' dir='ltr'>primis,</span> <span class='ocrx_word' id='word_1_251' title='bbox 511 2819 584 2861; x_wconf 86' lang='lat' dir='ltr'>oum</span> <span class='ocrx_word' id='word_1_252' title='bbox 607 2795 842 2879; x_wconf 86' lang='lat' dir='ltr'>Hieronymum</span> <span class='ocrx_word' id='word_1_253' title='bbox 864 2795 1056 2877; x_wconf 85' lang='lat' dir='ltr'>Ferrarium,</span> 
     </span>
     <span class='ocr_line' id='line_1_31' title="bbox 42 2882 1096 2970; baseline -0.004 -24"><span class='ocrx_word' id='word_1_254' title='bbox 42 2883 192 2948; x_wconf 89' lang='lat' dir='ltr'>iuuenem</span> <span class='ocrx_word' id='word_1_255' title='bbox 210 2882 393 2948; x_wconf 88' lang='lat' dir='ltr'>rarissimae</span> <span class='ocrx_word' id='word_1_256' title='bbox 412 2885 553 2970; x_wconf 88' lang='lat' dir='ltr'>uirtutis,</span> <span class='ocrx_word' id='word_1_257' title='bbox 572 2906 747 2968; x_wconf 90' lang='lat' dir='ltr'>sanequam</span> <span class='ocrx_word' id='word_1_258' title='bbox 765 2907 824 2967; x_wconf 89' lang='lat' dir='ltr'>pro</span> <span class='ocrx_word' id='word_1_259' title='bbox 844 2883 913 2947; x_wconf 91' lang='lat' dir='ltr'>eius</span> <span class='ocrx_word' id='word_1_260' title='bbox 931 2882 1056 2946; x_wconf 89' lang='lat' dir='ltr'>meritis</span> <span class='ocrx_word' id='word_1_261' title='bbox 1070 2903 1096 2942; x_wconf 84' lang='lat' dir='ltr'>oo</span> 
     </span>
     <span class='ocr_line' id='line_1_32' title="bbox 42 2968 1056 3067; baseline -0.005 -31"><span class='ocrx_word' id='word_1_262' title='bbox 42 2971 170 3036; x_wconf 87' lang='lat' dir='ltr'>ornauit</span> <span class='ocrx_word' id='word_1_263' title='bbox 189 2975 287 3055; x_wconf 86' lang='lat' dir='ltr'>atque</span> <span class='ocrx_word' id='word_1_264' title='bbox 306 2972 406 3036; x_wconf 81' lang='lat' dir='ltr'>auxit.</span> <span class='ocrx_word' id='word_1_265' title='bbox 444 2974 477 3037; x_wconf 87' lang='lat' dir='ltr'>in</span> <span class='ocrx_word' id='word_1_266' title='bbox 497 2996 585 3057; x_wconf 76' lang='lat' dir='ltr'>quo,</span> <span class='ocrx_word' id='word_1_267' title='bbox 594 2979 667 3037; x_wconf 88' lang='lat' dir='ltr'>eum</span> <span class='ocrx_word' id='word_1_268' title='bbox 685 2972 773 3055; x_wconf 88' lang='lat' dir='ltr'>apud</span> <span class='ocrx_word' id='word_1_269' title='bbox 791 2994 891 3036; x_wconf 89' lang='lat' dir='ltr'>unum</span> <span class='ocrx_word' id='word_1_270' title='bbox 909 2968 1056 3067; x_wconf 82' lang='lat' dir='ltr'>posuisse</span> 
     </span>
     <span class='ocr_line' id='line_1_33' title="bbox 42 3055 1055 3146; baseline -0.004 -22"><span class='ocrx_word' id='word_1_271' title='bbox 42 3059 235 3125; x_wconf 80' lang='lat' dir='ltr'>beneficium</span> <span class='ocrx_word' id='word_1_272' title='bbox 263 3060 424 3146; x_wconf 86' lang='lat' dir='ltr'>uideatur,</span> <span class='ocrx_word' id='word_1_273' title='bbox 457 3083 476 3124; x_wconf 91' lang='lat' dir='ltr'>a</span> <span class='ocrx_word' id='word_1_274' title='bbox 502 3061 595 3124; x_wconf 94' lang='lat' dir='ltr'>mult</span> <span class='ocrx_word' id='word_1_275' title='bbox 571 3066 614 3124; x_wconf 83' lang='lat' dir='ltr'>tis</span> <span class='ocrx_word' id='word_1_276' title='bbox 644 3065 753 3123; x_wconf 89' lang='lat' dir='ltr'>tamen</span> <span class='ocrx_word' id='word_1_277' title='bbox 782 3062 854 3143; x_wconf 81' lang='lat' dir='ltr'>grat</span> <span class='ocrx_word' id='word_1_278' title='bbox 855 3058 920 3120; x_wconf 90' lang='lat' dir='ltr'>iam</span> <span class='ocrx_word' id='word_1_279' title='bbox 951 3055 1055 3120; x_wconf 91' lang='lat' dir='ltr'>iniuit</span> 
     </span>
     <span class='ocr_line' id='line_1_34' title="bbox 39 3145 1056 3233; baseline -0.004 -21"><span class='ocrx_word' id='word_1_280' title='bbox 39 3169 114 3212; x_wconf 84' lang='lat' dir='ltr'>nam</span> <span class='ocrx_word' id='word_1_281' title='bbox 136 3170 212 3214; x_wconf 89' lang='lat' dir='ltr'>eum</span> <span class='ocrx_word' id='word_1_282' title='bbox 236 3170 304 3233; x_wconf 90' lang='lat' dir='ltr'>uos,</span> <span class='ocrx_word' id='word_1_283' title='bbox 326 3149 457 3213; x_wconf 84' lang='lat' dir='ltr'>tales</span> <span class='ocrx_word' id='word_1_284' title='bbox 427 3149 498 3231; x_wconf 81' lang='lat' dir='ltr'>uiri,</span> <span class='ocrx_word' id='word_1_285' title='bbox 520 3148 793 3231; x_wconf 85' lang='lat' dir='ltr'>patrociniumt</span> <span class='ocrx_word' id='word_1_286' title='bbox 754 3147 809 3209; x_wconf 88' lang='lat' dir='ltr'>litt</span> <span class='ocrx_word' id='word_1_287' title='bbox 795 3150 936 3209; x_wconf 88' lang='lat' dir='ltr'>terarum</span> <span class='ocrx_word' id='word_1_288' title='bbox 959 3145 1056 3209; x_wconf 82' lang='lat' dir='ltr'>susci</span> 
     </span>
     <span class='ocr_line' id='line_1_35' title="bbox 40 3233 1056 3338; baseline -0.003 -37"><span class='ocrx_word' id='word_1_289' title='bbox 40 3237 135 3338; x_wconf 78' lang='lat' dir='ltr'>pitia,</span> <span class='ocrx_word' id='word_1_290' title='bbox 161 3236 347 3338; x_wconf 82' lang='lat' dir='ltr'>quicunque</span> <span class='ocrx_word' id='word_1_291' title='bbox 373 3236 468 3302; x_wconf 88' lang='lat' dir='ltr'>bouis</span> <span class='ocrx_word' id='word_1_292' title='bbox 491 3237 616 3300; x_wconf 89' lang='lat' dir='ltr'>artibus</span> <span class='ocrx_word' id='word_1_293' title='bbox 639 3236 784 3299; x_wconf 79' lang='lat' dir='ltr'>delectam</span> <span class='ocrx_word' id='word_1_294' title='bbox 786 3238 852 3317; x_wconf 87' lang='lat' dir='ltr'>tu,r</span> <span class='ocrx_word' id='word_1_295' title='bbox 880 3233 986 3298; x_wconf 87' lang='lat' dir='ltr'>animo</span> <span class='ocrx_word' id='word_1_296' title='bbox 1010 3257 1056 3298; x_wconf 90' lang='lat' dir='ltr'>re</span> 
     </span>
     <span class='ocr_line' id='line_1_36' title="bbox 38 3322 1096 3423; baseline -0.006 -33"><span class='ocrx_word' id='word_1_297' title='bbox 38 3325 137 3390; x_wconf 82' lang='lat' dir='ltr'>creati</span> <span class='ocrx_word' id='word_1_298' title='bbox 167 3325 342 3391; x_wconf 89' lang='lat' dir='ltr'>ueniunt</span> <span class='ocrx_word' id='word_1_299' title='bbox 332 3347 368 3389; x_wconf 92' lang='lat' dir='ltr'>m</span> <span class='ocrx_word' id='word_1_300' title='bbox 395 3346 484 3408; x_wconf 88' lang='lat' dir='ltr'>spem</span> <span class='ocrx_word' id='word_1_301' title='bbox 511 3324 682 3409; x_wconf 88' lang='lat' dir='ltr'>aliquando</span> <span class='ocrx_word' id='word_1_302' title='bbox 715 3324 860 3423; x_wconf 85' lang='lat' dir='ltr'>fore,ut</span> <span class='ocrx_word' id='word_1_303' title='bbox 887 3327 961 3405; x_wconf 93' lang='lat' dir='ltr'>post</span> <span class='ocrx_word' id='word_1_304' title='bbox 947 3322 1056 3385; x_wconf 91' lang='lat' dir='ltr'>tdiu</span> <span class='ocrx_word' id='word_1_305' title='bbox 1070 3338 1096 3378; x_wconf 75' lang='grc' dir='ltr'>ιι</span> 
     </span>
     <span class='ocr_line' id='line_1_37' title="bbox 38 3410 1056 3495; baseline -0.009 -14"><span class='ocrx_word' id='word_1_306' title='bbox 38 3418 151 3480; x_wconf 84' lang='lat' dir='ltr'>tomos</span> <span class='ocrx_word' id='word_1_307' title='bbox 180 3414 377 3479; x_wconf 87' lang='lat' dir='ltr'>laborest</span> <span class='ocrx_word' id='word_1_308' title='bbox 345 3418 377 3477; x_wconf 89' lang='lat' dir='ltr'>et</span> <span class='ocrx_word' id='word_1_309' title='bbox 408 3413 534 3478; x_wconf 88' lang='lat' dir='ltr'>molest</span> <span class='ocrx_word' id='word_1_310' title='bbox 510 3417 628 3477; x_wconf 84' lang='lat' dir='ltr'>trarum</span> <span class='ocrx_word' id='word_1_311' title='bbox 660 3411 751 3495; x_wconf 90' lang='lat' dir='ltr'>quasi</span> <span class='ocrx_word' id='word_1_312' title='bbox 783 3414 940 3494; x_wconf 89' lang='lat' dir='ltr'>tempesta</span> <span class='ocrx_word' id='word_1_313' title='bbox 922 3410 1031 3473; x_wconf 90' lang='lat' dir='ltr'>ates</span> <span class='ocrx_word' id='word_1_314' title='bbox 1022 3432 1056 3471; x_wconf 90' lang='lat' dir='ltr'>m</span> 
     </span>
     <span class='ocr_line' id='line_1_38' title="bbox 38 3497 1054 3587; baseline -0.01 -19"><span class='ocrx_word' id='word_1_315' title='bbox 38 3504 159 3587; x_wconf 86' lang='lat' dir='ltr'>quietis</span> <span class='ocrx_word' id='word_1_316' title='bbox 182 3508 217 3568; x_wconf 92' lang='lat' dir='ltr'>et</span> <span class='ocrx_word' id='word_1_317' title='bbox 240 3502 301 3568; x_wconf 89' lang='lat' dir='ltr'>otii</span> <span class='ocrx_word' id='word_1_318' title='bbox 325 3506 457 3586; x_wconf 91' lang='lat' dir='ltr'>portum</span> <span class='ocrx_word' id='word_1_319' title='bbox 480 3501 575 3566; x_wconf 91' lang='lat' dir='ltr'>uobis</span> <span class='ocrx_word' id='word_1_320' title='bbox 598 3499 840 3583; x_wconf 84' lang='lat' dir='ltr'>adspirantibus</span> <span class='ocrx_word' id='word_1_321' title='bbox 862 3497 1054 3560; x_wconf 83' lang='lat' dir='ltr'>deferanturm.</span> 
     </span>
    </p>
   </div>
   <div class='ocr_carea' id='block_1_3' title="bbox 0 0 1204 3922">
    <p class='ocr_par' dir='ltr' id='par_1_3' title="bbox 0 0 1204 3922">
     <span class='ocr_line' id='line_1_39' title="bbox 0 0 1204 3922; baseline 0 12"><span class='ocrx_word' id='word_1_322' title='bbox 0 0 1204 3922; x_wconf 95' lang='lat' dir='ltr'> </span> 
     </span>
    </p>
   </div>
  </div>
 </body>
</html>
