2400 3922
519 177 733 241 -44-

124 338 278 402 utralibet:
305 359 364 402 una
387 343 465 402 enim
488 358 557 401 cum
580 341 796 420 contractione,
825 339 916 401 altera
941 359 1011 402 cum
1035 345 1131 404 remis·

123 429 207 488 sione
221 447 383 491 nervorum
397 430 593 509 conspicitur3
605 423 774 506 παράλυσιν
785 428 842 489 hoc
857 439 1021 509 utrumque
1033 434 1131 493 vitium

123 514 230 578 Graeci
248 517 404 598 appellant.
436 518 480 578 hd
496 517 690 597 quodetiam,
709 535 779 577 cum
794 519 927 598 correpti
945 527 1031 601 suut,
1049 521 1130 600 prod·

124 613 172 666 est
202 624 237 666 ex
270 624 364 686 aquae
397 605 510 666 mulsae
548 605 661 686 cyathis
693 605 791 667 trihus
823 615 1002 685 quattuorve
1037 609 1131 671 datum

89 710 106 756 5
124 694 371 756 medicamentum
389 694 521 773 pondere
536 694 560 754 ,i
576 696 666 755 unius
679 693 726 754 rel
740 697 901 776 victoriati,
920 694 1052 758 admixto
1066 717 1132 778 pon-

126 783 198 845 dere
221 784 366 846 victoriati
392 785 529 843 castorei.
574 781 701 843 Prodest
723 790 754 844 et
776 783 812 843 ad
840 784 1033 846 articularem
1060 805 1132 848 mor·

125 872 207 954 hum,
226 891 313 953 quem
330 866 469 948 ἆρθρῖτιν
481 880 597 951 vocant,
616 871 700 931 etad
720 872 822 950 spinae
841 875 936 933 totius
954 872 1131 937 lumborum·

124 980 184 1040 que
211 961 342 1021 dolorem
370 977 405 1019 ex
438 976 513 1037 aqua
545 958 641 1020 mulsa
674 959 774 1021 datum
806 960 842 1020 ad
871 963 953 1022 vires
981 965 1132 1044 cuiusque.

124 1049 197 1109 ltem
226 1049 261 1108 ad
288 1047 447 1128 podagram
475 1046 551 1107 bene
579 1048 663 1129 iacit;
691 1057 813 1135 namet
839 1051 871 1109 in
893 1055 1065 1130 praesentia
1087 1053 1132 1113 de-

72 1152 106 1200 to
124 1139 269 1198 trac-tione
292 1139 356 1215 ipsa
383 1135 461 1196 lerat
483 1143 514 1196 ct
540 1137 571 1194 in
599 1136 735 1198 futurum
759 1139 840 1197 omni
862 1137 1001 1200 molestia
1023 1140 1133 1202 liberat.

124 1225 251 1286 Dimidio
279 1227 357 1285 enim
386 1224 514 1285 celerius
541 1234 693 1307 sanantur,
721 1228 772 1304 qui
799 1235 984 1305 acceperunt
1011 1230 1132 1290 medica·

124 1326 271 1395 mentum,
293 1331 382 1393 quam
404 1315 489 1393 prius
512 1312 654 1375 solebant

212 1402 270 1463 Cli.
307 1400 384 1472 Quid
409 1403 505 1463 dicam
528 1401 653 1463 duritias
675 1403 707 1461 in
730 1404 866 1463 mammis
888 1403 1052 1466 mulierum
1070 1425 1133 1466 cum

124 1490 226 1553 dolore
258 1493 471 1571 consistentes,
507 1509 582 1570 quas
618 1488 732 1551 nullum
768 1490 1022 1554 medicamentum
1053 1493 1133 1575 levat,

73 1595 106 1644 ra
124 1578 372 1660 quemadmodum
391 1598 428 1639 ex
446 1589 508 1640 toto
527 1582 558 1639 in
576 1586 754 1658 perpetuum
775 1579 925 1640 interdum
946 1591 1042 1665 sanat,
1065 1601 1134 1662 quas

124 1667 259 1748 plerique
282 1668 467 1729 medicorum
494 1667 674 1728 insanabiles
697 1667 855 1728 adfirmant
876 1665 1085 1750 καρκινώματα
1106 1680 1133 1732 et

124 1759 273 1835 καοῆθες
295 1753 499 1836 appellantes?
543 1756 680 1817 Poteram
708 1757 861 1817 nominare
884 1756 1028 1820 honestas
1056 1760 1133 1820 femi·

125 1862 191 1924 aas,
218 1863 292 1925 quas
320 1854 371 1905 aut
398 1844 448 1904 ille
475 1853 526 1905 aut
553 1863 608 1922 ego
631 1843 688 1904 hoc
715 1843 931 1906 medicamento
960 1850 1135 1924 sanavimus,

124 1934 182 1996 nisi
209 1933 363 1994 crederem
390 1933 479 1993 tidem
507 1942 536 1992 te
564 1932 674 1993 hahere
701 1931 800 1993 nohis:
829 1933 961 2014 alioquin
990 1938 1056 2014 ipse
1083 1937 1134 1998 tihi

70 2036 107 2087 to
123 2024 182 2084 iam
205 2022 354 2084 dixissem.

213 2110 285 2172 Clll.
321 2109 396 2171 illud
415 2126 486 2169 rero
510 2128 599 2188 supra
624 2112 753 2170 omnium
778 2112 948 2188 opinionem
973 2120 1032 2192 est,
1057 2113 1133 2192 quod

123 2199 161 2261 ad
184 2199 382 2261 stomachicos
405 2198 558 2259 evidenter
581 2200 730 2278 convenit,
759 2216 827 2258 cum
855 2202 894 2259 sit
916 2201 1133 2262 virosissimum

124 2287 372 2351 medicamentum
401 2289 542 2349 aduersus
569 2286 753 2347 stomachum
781 2305 818 2347 ne
847 2287 883 2347 ad
911 2287 990 2349 lenia
1016 2291 1134 2370 quidem

122 2386 155 2438 et
181 2376 326 2456 simplicia
354 2378 569 2438 medicamenta
594 2383 661 2455 apte
684 2375 868 2454 dispositum.
915 2375 974 2437 Sed
998 2378 1136 2440 videlicet

69 2477 105 2528 ts
123 2467 155 2526 in
182 2465 329 2526 eiusmodi
360 2465 452 2526 rebus
478 2467 628 2543 potentior
656 2482 730 2523 usus
757 2465 872 2525 ratione
900 2475 958 2526 est:
994 2476 1132 2547 expertus

122 2555 202 2614 euim
225 2571 304 2615 unus
328 2557 454 2633 quisque
477 2552 622 2629 intellegit
644 2552 796 2613 stomacho
821 2571 940 2632 quoque
963 2553 1021 2616 hoc
1044 2556 1132 2616 medi·

122 2651 292 2703 cementum
319 2643 426 2701 eximie
453 2640 604 2720 prodesse.
656 2638 741 2699 Cllll.
783 2640 937 2702 Remediat
965 2646 1046 2703 enim
1075 2663 1133 2722 eos,

123 2727 233 2809 quihus
255 2730 428 2809 frequenter
450 2730 592 2789 inacescit
614 2727 709 2808 cihus,
734 2739 763 2789 et
784 2748 844 2809 eos,
868 2731 920 2808 qui
943 2730 1068 2792 adsidue
1091 2735 1131 2792 iu·

123 2816 292 2880 &donibus
314 2827 460 2896 urgentur
483 2816 529 2876 rel
552 2816 653 2877 dolore
677 2818 742 2877 eius
766 2826 909 2879 vexantur
933 2828 984 2879 aut
1010 2821 1132 2881 adsidue

69 2921 106 2971 uo
123 2914 269 2968 nauseam
288 2916 339 2966 aut
361 2905 450 2965 salira
474 2903 625 2966 abundant
644 2905 690 2965 vel
714 2906 811 2966 inedia
835 2916 1055 2969 consumuntur
1075 2917 1132 2969 sto-

123 2994 319 3074 machumque
341 2994 382 3053 ita
405 2991 535 3054 solutum
559 2993 681 3074 hahent,
705 3004 739 3055 ut
762 3014 798 3055 ex
822 3014 856 3055 eo
879 2997 977 3056 varios
1000 2996 1132 3076 liquores

195 3186 210 3233 1
233 3197 297 3235 cum
319 3177 509 3236 contractione
533 3181 571 3234 Μ
575 3203 582 3234 =
607 3199 641 3236 ex
664 3200 686 3238 c.
706 3184 742 3238 R.
815 3189 831 3237 5
854 3183 978 3253 pondere
1000 3181 1028 3237 X
1050 3184 1132 3237 unius

122 3248 169 3305 rel
190 3248 334 3307 victoriati
359 3251 469 3332 occiput.
496 3247 523 3304 ἱ
547 3253 620 3319 p⁰.I
643 3253 688 3308 rel
716 3254 797 3307 unius
821 3257 851 3308 et
873 3254 1016 3309 victoriati
1039 3255 1069 3310 R
1095 3253 1130 3308 ad

197 3338 231 3376 ua
248 3320 357 3377 denarii
374 3338 455 3376 uatus
472 3323 523 3375 aut
536 3322 679 3377 victoriati
694 3323 734 3377 M.
797 3327 856 3378 'let
875 3323 912 3379 ad
931 3325 1029 3394 spinae
1043 3325 1131 3380 totins

161 3414 170 3445 t
193 3391 230 3447 td
252 3393 361 3463 apinam
383 3394 414 3448 ei
434 3390 522 3446 totius
544 3393 581 3448 R.
655 3394 786 3449 Sdatum
812 3396 860 3448 M:
884 3396 969 3449 datur
986 3395 1022 3450 R.
1097 3400 1129 3449 11

120 3462 255 3531 κακοήθη
274 3462 426 3536 &epham
447 3464 593 3519 cacoethes
612 3464 651 3519 M
673 3460 830 3530 κακοήθεις
855 3467 893 3519 acl
916 3466 1035 3520 duritias
1059 3467 1128 3521 rela-

119 3538 177 3587 tam
196 3532 285 3591 usae
344 3540 379 3590 26
397 3533 545 3606 intelleget
560 3536 603 3590 M.
664 3539 698 3588 28
717 3535 856 3589 stomachi
875 3535 1068 3592 inflationibus
1087 3535 1127 3590 M
