2430 3922
457 185 677 250 ..29-

56 348 197 410 dimidias
217 355 246 408 et
265 349 306 408 ita
325 355 424 409 cetera
443 346 601 427 diligenter
619 349 690 409 trita
709 347 919 410 admiscentur.
955 349 1074 411 Utrum·

56 455 119 518 que
142 445 244 498 antem
267 435 516 497 medicamentum
540 444 661 515 stagneo
680 436 886 515 reponendum
905 445 951 498 est
969 457 1047 500 vaso.

149 524 247 585 LXVI.
290 523 347 586 Ubi
378 543 448 586 vero
482 527 657 605 suppuratio
689 525 820 587 faucium
858 536 995 606 suspecta
1029 535 1074 588 est

55 614 174 676 diutins
196 621 390 693 permanente
413 631 517 675 earum
543 621 661 675 tumore
685 622 715 674 et
742 613 894 676 interdum
921 613 1074 677 febriculis

56 722 119 764 non
153 705 219 764 sine
252 702 377 763 horrore
409 701 682 764 intercurrentibus
710 702 859 782 oportebit
890 707 1109 782 gargarizare5

57 792 181 872 quidem
209 808 287 870 aqua
314 790 409 852 mulsa
432 790 568 852 crebrius
594 790 762 853 furfuribus
786 791 929 871 siligineis
952 793 1074 854 decocta
1126 805 1128 809 ·

56 880 104 942 vel
128 898 218 960 passo
242 879 278 940 ad
302 878 439 940 dimidias
463 881 586 942 decocto
609 879 685 941 hene
709 880 801 955 caldo,
825 883 870 942 uti
888 899 940 941 ore
959 888 990 943 et
1012 881 1074 942 fau·

57 968 145 1030 cibus
170 968 284 1030 diutius
307 970 505 1049 contineatur,
527 967 574 1030 vel
597 987 632 1029 ea
654 987 739 1049 aqua,
761 972 792 1030 iu
814 989 872 1050 qua
895 971 970 1031 ficus
993 969 1075 1031 arida

57 1060 180 1137 pinguis
204 1059 262 1118 erit
285 1056 420 1139 decocta,
443 1075 633 1136 perunguere
657 1066 756 1119 antem
779 1059 880 1120 fauces
903 1058 960 1120 hoc
984 1059 1074 1120 medi-

56 1153 211 1228 camento,
240 1164 298 1225 qna
330 1154 427 1207 tactus
460 1149 609 1207 sustinere
636 1148 760 1228 poterit,
792 1146 899 1227 pusillo
927 1150 1075 1226 pressius:
1096 1159 1129 1208 10

58 1234 156 1296 llelbs
176 1236 281 1314 optimi
299 1233 457 1315 heminam,
476 1237 592 1296 resinae
611 1234 829 1297 terebinthinae
848 1256 876 1316 p.
892 1236 917 1295 X
935 1235 971 1316 II,
989 1254 1075 1297 rosae

59 1323 183 1404 cyathos
206 1322 241 1384 II.
282 1323 422 1385 Resinam
447 1342 515 1385 cum
538 1342 605 1385 rosa
628 1327 659 1384 in
679 1323 792 1403 duplici
810 1342 888 1404 vaso,
911 1327 957 1385 uti
980 1325 1076 1385 solent

59 1413 266 1492 unguentarii,
290 1411 471 1491 liquefacere
495 1420 625 1494 oportet,
649 1411 756 1473 deinde
780 1412 944 1474 admiscere
966 1415 995 1473 ei
1017 1412 1076 1473 mel

59 1509 89 1562 et
108 1518 251 1583 coquere,
273 1500 369 1562 donec
389 1503 518 1579 spissum
537 1502 588 1562 fiat
608 1501 866 1563 medicamentum.
903 1501 966 1562 Hoc
985 1503 1075 1562 etIam

58 1609 127 1651 curn
152 1591 288 1668 eruperit
315 1592 504 1671 suppuratio,
531 1592 577 1651 uti
603 1598 734 1671 oportet:
766 1598 910 1670 expurgat
937 1592 1017 1650 enim
1046 1598 1075 1650 et
1096 1601 1128 1650 15

58 1677 158 1758 explet
181 1677 269 1739 idem.

147 1766 260 1827 LXVII.
298 1766 343 1827 hd
366 1769 503 1846 anginam
526 1766 650 1845 prodest
673 1768 826 1845 sanguinis
848 1766 1001 1848 detractio,
1024 1786 1074 1828 cu·

59 1855 248 1917 euchitarum
271 1855 410 1916 admissio
429 1862 586 1934 ceteraque
610 1854 726 1936 auxilia,
751 1856 859 1935 quibus
883 1856 991 1917 medici
1014 1856 1075 1917 effi-

61 1947 162 2006 cacins
182 1952 317 2005 utuntur.
347 1942 562 2004 Medicamenta
580 1953 681 2005 autem
700 1944 845 2024 simplicia
864 1945 984 2025 quidem
1002 1946 1075 2007 haec

59 2033 188 2095 faciunt:
211 2033 304 2094 Laser
321 2032 531 2113 Cyrenaicum,
554 2034 579 2094 si
602 2036 713 2112 poterit
736 2035 877 2095 inveniri:
900 2036 947 2095 sin
967 2036 1076 2114 minus,
1094 2044 1130 2093 ao

62 2121 217 2203 Syriacum
237 2139 312 2201 aqua
331 2120 468 2202 dilutum,
491 2123 622 2182 crassius
644 2140 699 2201 per
722 2124 844 2202 pinnam
867 2122 1003 2184 faucibus
1026 2121 1075 2183 ad·

59 2210 202 2291 hibitum3
226 2211 298 2271 item
321 2209 521 2289 euphorbium
544 2228 619 2289 aqua
643 2210 778 2272 dilutum.

147 2297 274 2360 LXVIII.
311 2297 541 2379 Conpositorum
565 2307 664 2359 antem
688 2299 974 2360 medicamentorum
1001 2296 1074 2358 haec

60 2397 130 2450 sunt
153 2396 235 2468 apta:
263 2386 352 2449 Fellis
375 2390 499 2468 taurini,
528 2386 610 2469 saIIs,
634 2389 723 2467 aceti,
751 2386 861 2467 mellis,
884 2387 943 2448 olei
964 2388 1074 2447 veteris

60 2495 169 2557 aequas
189 2484 290 2556 partes
308 2479 340 2536 in
359 2495 452 2538 riuum
472 2478 598 2537 miscere
613 2485 731 2557 oportet
749 2484 780 2537 et
799 2494 867 2537 cum
882 2494 958 2555 opus
976 2476 1076 2557 fuerit,
1094 2485 1129 2533 25

59 2569 149 2645 pinna
172 2566 336 2645 perfricare
359 2566 460 2626 fauces
484 2564 605 2626 diutius.

147 2653 289 2715 LXVIIII.
327 2654 402 2714 Item
421 2652 497 2713 hene
515 2654 600 2714 facit:
625 2653 673 2714 Git
691 2654 772 2715 frtcti
790 2672 819 2733 p.
834 2653 860 2714 X
878 2652 918 2732 II,
941 2654 1076 2734 pyrethri

62 2762 89 2822 p.
110 2742 136 2802 X
158 2743 185 2826 I,
213 2744 354 2820 sagapeni
377 2743 525 2803 victoriati
547 2741 677 2823 pondus3
706 2741 792 2803 melle
816 2744 980 2803 miscentur
1003 2743 1075 2802 haec

59 2834 89 2892 in
112 2850 208 2893 unum
231 2833 311 2892 trita.

149 2919 237 2981 LXX.
275 2918 359 2980 Facit
381 2918 458 2979 bene
482 2926 512 2979 et
533 2920 591 2980 hoc
614 2919 877 2981 medicamentum:
900 2917 989 2978 Fellis
1011 2926 1075 2979 tau·
1095 2930 1130 2979 30

61 3012 120 3070 rini
149 3028 178 3088 p.
197 3007 224 3068 X
245 3007 287 3088 II,
315 3007 443 3087 elaterii,
472 3009 524 3086 qui
552 3015 598 3068 est
626 3026 716 3069 sucus
744 3008 913 3068 cucumeris
942 3006 1075 3087 silvatici,

61 3098 133 3178 pX
160 3098 189 3179 I,
217 3097 361 3176 cachryos
388 3097 510 3157 animati
536 3115 564 3176 p.
589 3096 614 3156 X
641 3096 667 3177 13
697 3098 803 3157 tritum
830 3094 917 3155 melle
945 3095 1075 3155 admisto

61 3189 227 3266 reponitur.
260 3186 335 3246 Cum
354 3203 429 3263 opus
449 3193 507 3266 est,
531 3184 659 3250 dilutum
683 3203 759 3265 aqua
781 3183 880 3263 tepida
899 3185 1028 3244 sumitur
1047 3193 1076 3243 et

131 3345 148 3395 5
166 3337 376 3394 incurrentibus
396 3337 437 3393 M.
512 3344 545 3393 10
564 3355 621 3407 qua
638 3337 677 3393 L:
701 3354 786 3406 quam
804 3337 833 3392 R
856 3339 992 3406 quantum
1011 3336 1076 3392 θον-

60 3412 168 3466 nun'ue.
230 3415 263 3463 12
282 3410 398 3477 sortasse
417 3424 472 3477 quo
491 3407 542 3464 uti.
599 3415 632 3464 15
652 3407 795 3479 oportebit
814 3410 857 3463 M.
915 3414 947 3464 1r
967 3410 997 3463 et
1014 3413 1077 3463 ante

63 3480 208 3552 sanguinis
227 3482 291 3536 add.
306 3480 344 3548 R,
363 3495 413 3535 mu.
430 3480 473 3534 M.
535 3484 568 3534 18
587 3478 878 3606 admissiokadmotio
897 3479 988 3536 Rhod.
1042 3485 1076 3534 22

62 3552 220 3609 euforbium
243 3551 278 3606 R.
352 3557 386 3606 Ἡ
406 3550 483 3606 fricti
508 3551 546 3604 M
549 3571 556 3604 ε
584 3549 698 3605 frictum
748 3593 756 3608 .
829 3557 863 3607 33
888 3551 1007 3606 sumitur
1032 3550 1082 3604 Mc
