2400 3922
464 162 707 227 -103-

70 327 168 408 pondo
191 333 379 404 sextantem,
406 327 522 406 cyprini
548 326 647 405 pondo
675 333 853 405 sextantem,
881 329 963 387 croci
989 328 1089 405 pondo

71 423 251 493 sextantem,
290 414 372 474 Assii
402 412 507 494 lapidis
538 415 637 493 pondo
669 417 801 493 unciam,
837 432 957 475 murrae
989 416 1089 494 pondo

71 507 203 585 unciam,
221 503 394 583 aphronitri
409 502 508 582 pondo
527 505 717 564 semunciam.
751 502 862 563 Patella
882 522 956 563 nova
974 503 1089 582 liquefit

70 594 212 671 axungia,
235 609 306 653 cera
330 609 400 652 cum
422 591 488 652 oleo
508 599 623 672 vetere,
646 590 756 670 quibus
779 591 906 654 adicitur
930 594 1089 652 ammonia-

71 700 140 743 cum
157 683 267 742 tritum
285 687 317 740 et
334 688 479 761 movetur,
497 697 592 759 usque
611 680 682 740 dum
700 678 844 760 solvatur,
867 691 970 759 postea
989 679 1088 741 oleum
1107 693 1124 742 o

69 773 240 851 cyprinum,
264 786 333 830 rosa
351 777 382 829 et
400 768 500 829 cedria
522 771 555 828 in
573 786 666 830 unum
690 771 855 829 miscentur
874 778 905 830 et
928 777 1000 829 tunc
1019 768 1088 829 sub-

62 858 195 920 ducitur
218 857 346 938 flamma,
368 874 406 917 ne
425 858 599 918 effervescat
622 857 879 918 medicamentum.
917 857 1089 919 Secundum

71 965 149 1028 quae
173 947 303 1008 adicitur
322 963 444 1007 crocum
467 947 572 1007 tritum
591 963 627 1006 ex
651 955 744 1026 aceto,
767 946 874 1007 deinde
893 964 996 1007 murra
1019 948 1089 1007 trita

71 1054 127 1116 per
150 1053 184 1096 se
208 1036 386 1117 aspergitur,
408 1034 547 1096 ultimum
570 1036 683 1095 nitrum
706 1042 736 1095 et
758 1035 862 1097 Assius
885 1035 975 1117 lapis;
998 1035 1087 1115 phoe-

72 1126 152 1185 nicio
176 1123 338 1184 inducitur.
1110 1137 1143 1186 10

163 1210 337 1273 CCLXVIII.
377 1211 512 1290 Aoopum
540 1211 576 1272 ad
603 1212 841 1292 perfrictionem,
873 1213 1088 1294 lassitudinem,

71 1303 243 1363 tensionem
262 1317 433 1380 nervorum3
451 1300 531 1360 idem
549 1301 646 1360 hieme
663 1319 722 1360 non
741 1303 853 1378 patitur
873 1302 1088 1379 perfrigescere

73 1397 173 1469 artus3
205 1388 263 1450 hoo
292 1388 425 1468 Augusta
457 1388 610 1450 utebatur:
644 1388 779 1449 Samsuci
810 1389 893 1449 floris
927 1392 1088 1450 sextarium

75 1495 184 1555 unum,
209 1476 288 1537 faeni
314 1479 413 1557 graeci
441 1479 603 1538 sextarium
627 1495 733 1558 unum,
761 1480 920 1538 rosmarini
949 1478 1089 1540 foliorum

74 1568 237 1627 sextarium
260 1583 366 1644 uanum,
385 1566 447 1625 vini
465 1564 583 1626 Falerni
603 1567 755 1644 congium,
774 1566 832 1626 olei
850 1566 969 1627 Venafri
993 1576 1088 1629 sexta·
1109 1581 1142 1629 15

72 1658 136 1716 rios
160 1656 301 1734 quinque.
343 1652 465 1715 Praeter
488 1653 587 1715 oleum
610 1656 708 1715 omnia
732 1657 763 1714 in
782 1657 850 1715 vino
870 1657 969 1717 triduo
993 1675 1088 1718 mace-

73 1761 142 1805 rare
171 1741 334 1822 oportebit,
361 1749 467 1822 quarto
495 1742 543 1803 die
572 1742 671 1803 oleum
700 1743 817 1804 adicere
842 1752 871 1804 et
899 1764 1028 1824 coquere
1057 1747 1087 1819 in

72 1849 172 1912 pruna
194 1849 255 1892 non
278 1832 340 1891 acri
362 1831 620 1911 medicamentum,
644 1831 738 1892 donec
761 1835 863 1893 vinum
887 1845 1089 1913 consumatur,

73 1928 179 2000 postea
201 1919 354 1998 percolere
373 1938 428 2000 per
446 1918 571 1980 linteum
592 1920 699 1999 duplex
720 1920 844 2000 oleoque
864 1924 960 1984 adhuc
980 1924 1087 1983 calenti

72 2027 161 2070 cerae
179 2008 320 2069 Ponticae
338 2007 456 2069 bessem
480 2010 615 2070 miscere.
652 2008 818 2089 Reponitur
838 2013 1088 2072 medicamentum
1108 2020 1143 2067 20

74 2097 159 2159 fictili
180 2096 228 2157 vel
251 2104 372 2175 stagneo
396 2115 471 2158 vase.

165 2184 351 2246 CCLXVIIII.
381 2186 514 2264 dcopum
533 2185 612 2264 qnod
630 2205 685 2266 per
704 2186 882 2247 vindemiam
901 2187 1088 2264 conponitur,

73 2283 234 2354 antequam
259 2281 390 2335 mustum
408 2274 599 2335 defervescit:
622 2275 713 2336 Musti
735 2275 866 2334 recentis
886 2274 984 2350 congii
1004 2274 1089 2349 quin-

72 2382 133 2444 que
157 2373 189 2424 et
211 2362 270 2423 olei
292 2360 413 2423 Venafri
439 2363 538 2441 pondo
562 2363 790 2443 quinquaginta,
813 2362 843 2420 in
867 2359 914 2420 his
938 2377 1088 2419 maceran-

72 2462 124 2513 tur
147 2469 206 2531 res,
229 2468 306 2530 quae
324 2451 401 2512 infra
420 2453 549 2531 scriptae
568 2459 651 2532 sunt,
675 2457 817 2510 contusae
837 2455 866 2508 et
885 2447 1088 2527 peroribratae
1107 2462 1142 2511 ne

72 2538 298 2620 grandioribus,
313 2539 508 2601 foraminibus
536 2539 641 2600 cribri:
674 2539 731 2599 Iris
758 2536 891 2617 Illyricae
923 2557 951 2618 p.
976 2537 1002 2598 X
1029 2536 1089 2619 XL,

73 2631 177 2708 cyperi
200 2646 228 2706 p.
249 2627 273 2686 X
296 2626 360 2710 XL,
383 2629 462 2689 faeni
484 2631 584 2705 graeci
607 2647 635 2706 p.
651 2627 677 2687 X
695 2625 755 2709 XL,
778 2629 891 2708 piperis
914 2630 993 2707 nigri
1015 2647 1042 2708 p.
1063 2628 1089 2688 X

73 2716 135 2798 XL,
158 2715 349 2796 xylobalsami
371 2734 399 2795 p.
416 2715 443 2776 X
462 2715 521 2796 XL,
545 2715 649 2776 calami
672 2716 795 2796 odorati,
820 2736 879 2796 quo
898 2718 1089 2794 unguentarii

72 2814 210 2884 utuntur,
237 2824 265 2884 p.
286 2803 311 2863 X
334 2802 455 2884 LXXX,
486 2805 620 2884 spathae,
648 2823 707 2883 qua
734 2807 925 2884 unguentarii
953 2811 1089 2881 utuntur,

146 3034 163 3083 2
189 3026 264 3083 Asaii
292 3026 338 3081 M:
367 3025 430 3079 Asii
457 3025 493 3080 R.
572 3032 587 3081 l
615 3025 780 3082 effervescat
807 3025 853 3080 M:
887 3023 1026 3078 fervescat
1052 3022 1089 3080 R.

72 3100 192 3155 edsius
210 3098 247 3153 R.
310 3097 431 3154 foenicio
450 3096 486 3151 R.
554 3102 588 3151 14
605 3098 675 3152 roris
693 3097 795 3152 marini
814 3097 855 3151 Μ.
923 3099 956 3149 1o
974 3092 1090 3149 Venafri

73 3186 133 3241 eqo:
157 3167 305 3226 venafrani
323 3168 362 3223 Μ
380 3167 439 3223 veri
458 3167 513 3222 afri
530 3168 566 3223 R.
641 3174 673 3223 16
692 3168 722 3222 in
741 3166 807 3221 vino
828 3167 875 3222 M:
899 3165 930 3220 in
948 3181 1034 3220 unum
1053 3166 1090 3223 R.

76 3248 109 3296 19
133 3241 278 3312 percolere
302 3239 349 3294 M:
376 3238 502 3294 recolare
525 3239 560 3293 R.
644 3240 762 3308 oleoque
786 3239 835 3292 M:
865 3237 958 3293 oleum
985 3236 1030 3292 cni
1053 3239 1090 3294 R.

72 3318 108 3367 23
132 3311 308 3367 defervescat
330 3309 372 3364 M.
454 3315 489 3363 at
511 3309 626 3364 Venafri
655 3311 767 3379 scalpsi:
800 3307 946 3364 venafrani
969 3309 1007 3363 M
1031 3309 1091 3363 veri

71 3384 129 3439 afri
147 3383 183 3439 R.
255 3381 286 3436 in
303 3380 348 3435 his
367 3381 413 3435 M:
437 3379 466 3434 in
487 3380 540 3435 hoo
558 3380 587 3435 R
612 3387 675 3435 ante
694 3386 722 3435 et
741 3380 796 3434 olei
815 3381 982 3435 collocatam.
1055 3383 1089 3429 2⁷

71 3453 181 3525 pIperia
207 3451 283 3522 nigri
311 3452 406 3521 pondo
431 3451 619 3520 quadraginta
641 3450 669 3505 R
696 3469 724 3519 p.
748 3467 775 3505 n.
799 3467 826 3519 p.
850 3447 877 3503 X
903 3445 1091 3518 quaaraginta

72 3526 239 3594 Stephanus.
