2400 3922
519 113 736 180 ..56-

121 281 183 340 viui
204 279 290 339 mixti
313 278 427 358 cyathis
450 285 591 358 quattuor
619 276 753 356 pondere
776 275 803 337 X
827 279 919 338 unius
943 277 1020 339 data.
1063 277 1132 338 lliri·

120 367 176 428 tice
204 367 276 428 facit
308 377 338 428 et
370 369 569 428 ammoniacae
605 373 705 444 guttae
738 366 858 444 pondus
893 368 1045 428 victoriati
1074 384 1130 429 eun

122 455 276 518 cauliculis
304 455 401 517 tribus
430 455 498 517 rubi
526 473 562 516 ex
590 462 674 515 aceto
698 453 801 515 datum
829 473 885 533 per
907 455 975 516 dies
999 458 1132 536 quinque:

123 544 201 608 tollit
224 547 303 606 enim
327 562 363 605 ex
386 551 448 606 toto
474 544 622 605 duritiam.
1179 598 1181 615 ,

88 646 104 694 a
213 631 377 694 CXXVllll.
418 631 503 694 Potio
531 632 567 692 ad
595 632 738 692 lienosos:
770 630 888 712 Balani,
923 650 982 712 qua
1011 650 1134 712 unguen
1178 654 1181 661 ·

123 724 193 784 tarii
223 729 362 802 utuntur,
391 741 418 801 p.
443 720 468 781 X
491 720 532 800 ll,
560 722 635 782 costi
657 739 685 799 p.
709 718 735 778 X
758 719 784 801 l,
815 723 955 799 capparis
982 721 1089 784 radicis
1109 740 1133 800 p.

123 810 190 891 Xl,
213 810 341 871 hederae
364 811 467 888 nigrae
490 809 631 870 bacarum
653 826 681 887 p.
700 807 726 866 X
744 807 781 888 ll,
803 807 1033 889 περικλυμένου,
1058 827 1135 890 quam

124 899 213 959 silvae
228 905 354 959 matrem
371 914 520 977 vocamus,
539 897 657 975 pondus
671 898 829 978 victoriati,
849 896 968 974 galbani
986 918 1016 978 p.
1031 898 1057 958 X
1070 896 1136 976 Vlll,

123 986 254 1046 cardami
276 987 367 1064 nigri,
390 985 421 1045 id
445 994 490 1046 est
513 987 671 1066 nasturcii,
695 987 818 1046 seminis
845 1005 874 1066 p.
898 985 926 1047 X
947 986 976 1046 ll
1001 995 1032 1048 et
1053 989 1135 1048 victo·

71 1087 103 1135 10
123 1075 203 1153 riati‚
227 1075 339 1152 piperis
363 1074 441 1151 nigri
463 1093 491 1152 p.
511 1072 537 1133 X
560 1073 586 1154 l,
610 1073 711 1135 scillae
736 1082 838 1134 coctae
862 1092 891 1153 p.
911 1073 936 1135 X
955 1074 1020 1137 Xll.
1064 1075 1135 1135 llaec

123 1163 221 1222 omnia
250 1160 430 1240 colliguntur
458 1161 553 1242 scilla,
586 1163 663 1224 fiunt
689 1161 811 1241 globuli.
861 1161 979 1224 Dantur
1012 1164 1136 1244 pondere

122 1249 149 1311 X
173 1250 265 1311 duum
289 1250 335 1311 vel
358 1253 448 1312 unius
472 1269 508 1311 ex
526 1250 612 1311 melle
637 1258 667 1311 et
690 1258 773 1312 aceto
795 1252 897 1312 mixtis
921 1251 1038 1332 cyathis
1061 1261 1136 1332 quat-

123 1347 192 1402 tuor
216 1349 267 1400 aut
289 1340 395 1401 tribus.
436 1339 549 1400 Eadem
571 1339 642 1400 facit
660 1339 696 1400 ad
715 1339 896 1419 hydropicos
914 1339 994 1402 bene
1013 1360 1050 1403 ex
1067 1358 1136 1420 aqua

124 1427 235 1507 mulsa,
257 1431 374 1489 urinam
398 1436 504 1489 movet.

70 1529 104 1579 15
214 1515 326 1578 CXXX.
368 1515 512 1578 Lienosos
540 1524 623 1577 sanat
651 1523 735 1577 extra
761 1518 912 1594 inpositus
941 1519 1055 1597 sinapis
1080 1535 1137 1578 ser·

124 1608 219 1667 tarius
251 1624 328 1667 nnus
361 1606 489 1667 detritus
526 1605 641 1666 adiecto
675 1606 804 1665 sextario
842 1624 903 1665 uno
937 1606 1029 1667 lentis
1061 1613 1138 1668 aceto

125 1702 235 1756 coctae.
289 1693 415 1772 Oportet
447 1703 546 1756 autem
579 1695 743 1772 inpositum
779 1711 845 1753 esse
883 1693 1138 1766 medicamentum,

125 1782 219 1843 donec
247 1780 379 1842 dolorem
408 1785 469 1859 pati
497 1800 557 1843 non
584 1784 713 1863 possint3
745 1789 849 1860 postea
878 1782 954 1843 solio
983 1783 1069 1845 caldo
1095 1783 1139 1844 de·

124 1871 294 1949 mittantur,
319 1868 371 1928 ubi
391 1869 494 1948 plures
518 1888 569 1930 eos
597 1870 877 1950 contineant,-dum
902 1871 1021 1933 desinat
1049 1871 1140 1951 dolor;

72 1971 107 2020 20
126 1956 257 2036 alioquin
276 1956 410 2020 exilient:
434 1960 528 2019 maior
552 1961 631 2020 enim
653 1960 687 2019 fit
705 1958 790 2018 dolor
808 1958 892 2020 calda
915 1962 1020 2041 tactis3
1042 1969 1138 2040 postea

126 2053 260 2107 ceratum
284 2065 320 2107 ex
343 2064 411 2107 rosa
433 2050 578 2126 inponere
602 2047 759 2127 oportebit.

216 2134 341 2198 CXXXI.
383 2135 471 2198 Aliud
492 2137 595 2198 eadem
613 2137 728 2197 ratione
746 2137 910 2214 inpositum
928 2136 1039 2198 melius
1063 2139 1141 2199 lacit:

127 2224 245 2306 Sinapis
274 2228 434 2308 sextariuS,
462 2228 505 2306 git
533 2226 630 2306 cyathi
658 2225 730 2304 duo,
759 2225 904 2284 nasturcii
932 2226 1036 2304 cyathi
1064 2234 1141 2306 quat·

125 2324 208 2397 tuor,
236 2315 418 2394 myrobalani
446 2317 566 2376 corticis
595 2314 694 2394 cyathi
721 2319 874 2394 quattuor,
902 2314 1019 2392 piperis
1049 2315 1140 2396 cyathi

73 2412 107 2462 95
127 2401 195 2462 duo.
239 2401 341 2483 Sinapi
364 2411 447 2465 aceto
471 2405 533 2463 acri
559 2403 655 2480 pridie
678 2409 873 2480 maceratum,
897 2400 1008 2463 deiude
1032 2407 1141 2482 tritum,

125 2490 258 2548 contrusis
283 2493 391 2550 ceteris
414 2491 566 2549 miscetur.
613 2488 647 2550 ln
674 2508 772 2567 panno
800 2488 920 2550 inlitum
944 2492 1139 2554 medicamen-

124 2581 188 2634 tum
212 2576 375 2656 inponitur,
399 2577 489 2636 fascia
513 2593 602 2654 quam
625 2576 797 2654 longissima
820 2577 956 2657 alligatur
980 2579 1140 2659 plurimum

124 2665 156 2724 in
180 2680 273 2723 unum
296 2665 463 2744 commissa,
486 2681 544 2742 quo
568 2664 683 2725 tardius
707 2666 846 2728 solvatur.
888 2665 951 2728 lloo
976 2678 1025 2730 est
1049 2671 1140 2731 effica-

125 2752 279 2814 cissimum
302 2759 333 2812 et
355 2751 517 2813 multorum
536 2771 682 2814 annorum
705 2753 782 2815 tollit
801 2756 949 2817 duritiam.
994 2757 1055 2819 Sed
1078 2765 1143 2839 post

198 2983 213 3031 2
233 2975 341 3044 pondus
359 2976 502 3032 victoriati
520 2979 631 3047 scrinea
660 2977 687 3032 X
704 2985 746 3048 p0.
765 2978 910 3034 victoriati
924 2978 960 3034 R.
1036 2985 1053 3034 7
1073 2981 1142 3051 peri·

125 3047 249 3117 clymeni
268 3047 309 3102 M.
383 3052 399 3102 8
416 3048 526 3116 pondus
549 3068 575 3103 v.
595 3065 654 3119 epo:
673 3048 700 3103 X
718 3056 759 3119 p0.
778 3049 920 3104 victoriati
937 3050 965 3104 R
1050 3057 1068 3106 9
1087 3069 1141 3107 car·

125 3118 202 3172 dami
220 3117 251 3171 id
275 3117 319 3170 est
341 3118 476 3173 nasturcii
498 3119 573 3188 nigri
597 3120 711 3174 seminis
729 3121 818 3175 Rana.
893 3126 925 3173 11
946 3120 1041 3192 scilla]
1060 3122 1142 3178 melle

124 3187 215 3242 Boou.
234 3204 268 3242 ex
286 3188 370 3242 melle
390 3189 432 3244 M.
503 3191 626 3259 pondere
645 3207 704 3261 epo:
729 3197 770 3259 p0.
789 3191 825 3246 R.
900 3197 933 3245 14
952 3193 1072 3258 fortasse
1089 3193 1141 3248 uri·

124 3272 190 3312 uam
209 3257 284 3312 enim
304 3276 340 3312 m.
411 3267 443 3316 16
463 3277 497 3316 ex
516 3263 595 3316 aceto
612 3263 655 3317 M.
726 3266 759 3315 18
778 3259 965 3316 demittantur
980 3264 1030 3318 M:
1050 3264 1142 3319 dimit·

125 3330 221 3383 tantur
240 3329 268 3384 R
350 3335 383 3384 19
402 3331 451 3386 ubi
472 3332 519 3386 M:
543 3332 576 3385 ut
594 3332 629 3387 R.
712 3338 746 3386 20
770 3333 877 3402 alioqui
896 3333 939 3388 M.
1024 3341 1059 3391 26
1080 3351 1141 3391 con·

124 3399 197 3454 tusis
216 3399 261 3453 M:
282 3401 429 3459 contusum
447 3402 483 3458 R.
556 3408 590 3457 27
609 3401 752 3471 fasciaque
771 3404 847 3472 long.
863 3405 907 3458 M.
975 3403 1141 3477 plurimum]

125 3471 171 3525 vel
190 3471 316 3540 pluribus
335 3473 364 3527 in
383 3492 469 3528 arnum
492 3473 648 3528 commissis
669 3475 712 3530 M.
897 3507 901 3514 ·
