2400 3922
522 146 810 224 -54-'

121 343 181 386 non
201 325 311 384 saccati
329 322 453 403 cyathus
472 321 600 384 adicitur
614 330 645 384 et
663 321 756 383 nihilo
770 322 872 383 miuus
889 338 1001 383 rursus
1020 325 1134 384 teritur:

121 415 215 492 magis
239 415 319 474 enim
341 421 414 473 tunc
438 420 583 492 apparent
603 410 762 472 residendo
781 409 997 492 aspritudines,
1023 413 1136 491 siquae

122 501 255 580 reliquae
274 508 358 583 sunt;
382 501 490 581 quibus
509 500 614 561 levatis
638 501 748 561 iterum
772 499 946 561 adiciuntur
965 498 1067 580 cyathi
1085 500 1135 561 duo

123 590 257 652 eiusdem
276 592 338 650 vini
360 598 449 669 atque
472 592 513 650 ita
536 587 688 668 prioribus
706 587 784 649 bene
807 587 1026 670 admiscentur,
1049 597 1136 650 trans-

87 694 103 742 3
123 679 349 759 fundunturque
369 697 438 739 cum
461 677 517 758 his,
541 695 617 757 quae
637 678 756 738 suntin
775 677 931 757 mortario,
955 677 1050 738 calice
1068 695 1136 739 novo

123 776 154 829 et
186 786 277 847 super
310 767 454 828 carbones
486 768 655 846 inponitur,
689 772 827 825 movente
860 765 963 844 aliquo
996 765 1136 827 cocleario

122 856 282 936 liquorem,
315 874 353 916 ne
381 854 452 935 quid
481 855 616 916 subsidat
643 861 674 915 et
701 860 871 933 peruratur.
917 853 959 914 At
987 853 1042 916 ubi
1067 854 1136 916 bene

122 944 293 1021 incaluerit,
320 946 486 1004 iniciuntur
509 945 541 1003 in
565 943 694 1003 eundem
718 941 840 1003 calicem
865 959 943 1020 quae
967 943 1137 1023 supradixi

122 1030 266 1092 coclearia
292 1033 351 1092 tria
374 1039 404 1092 et
431 1039 632 1111 permovetur.
679 1030 753 1092 Cum
781 1038 883 1091 autem
906 1030 1008 1092 calore
1032 1039 1136 1112 tempe-

69 1126 185 1186 rorata
213 1127 259 1180 est
288 1123 384 1200 potio,
417 1120 504 1181 datur
531 1119 720 1201 obducenda3
753 1121 852 1180 statim
886 1118 1025 1181 dolorem
1059 1120 1135 1182 levat

121 1206 184 1269 Hoc
208 1208 306 1270 lacere
326 1209 475 1288 oportebit
493 1227 547 1288 per
566 1211 730 1289 insequens
748 1207 874 1268 biduum
893 1210 1066 1287 capientem
1084 1208 1136 1270 cibi

122 1298 153 1357 in
180 1297 306 1376 prandio
335 1307 387 1359 aut
414 1297 470 1358 alio
499 1307 633 1377 tempore
663 1298 817 1377 exiguum,
846 1295 927 1375 quod
957 1297 1046 1359 facile
1074 1316 1135 1359 eon-

121 1386 248 1467 ficiatur,
273 1405 310 1448 ne
334 1386 446 1448 crudus
470 1394 568 1447 sumat
590 1386 849 1447 medicamentum.
887 1384 999 1447 Postea
1023 1389 1055 1447 in
1073 1404 1134 1448 con·

123 1475 311 1536 suetudinem
339 1478 436 1537 victus
465 1478 525 1556 sui,
552 1476 604 1554 qui
631 1473 696 1536 colo
725 1472 932 1554 infestabatur,
962 1474 1133 1536 dimittatur.

70 1578 102 1628 15
122 1562 248 1643 Oportet
281 1573 379 1626 tamen
412 1582 473 1624 non
502 1563 707 1624 indifferenter
735 1562 915 1623 remediatos
944 1564 978 1623 in
1005 1564 1135 1626 futurum

122 1655 234 1715 vivere:
267 1655 386 1714 tametsi
419 1654 498 1715 enim
526 1671 542 1712 a
571 1650 627 1712 coli
660 1650 762 1711 dolore
794 1653 853 1711 tuti
886 1658 972 1731 sunt,
1006 1660 1135 1714 metuere

122 1741 215 1801 nihilo
234 1744 334 1802 minus
353 1739 471 1820 debent,
494 1759 532 1801 ne
551 1741 606 1802 alia
629 1749 713 1818 parte
732 1741 868 1819 corporis
887 1757 984 1818 aeque
1003 1740 1135 1810 adiician-

122 1835 172 1888 tur
195 1828 233 1888 ob
257 1832 516 1908 intemperantiam
540 1825 673 1909 <quam>
696 1828 771 1903 colo,
800 1836 961 1908 antequam
984 1830 1137 1890 remediati

122 1924 216 1977 erant.

68 2022 102 2071 20
210 2003 336 2066 CXXlll.
373 2005 417 2067 ad
440 2014 589 2067 tumorem
613 2015 644 2068 et
666 2005 799 2067 dolorem
821 2006 980 2088 iocineris,
1008 2008 1082 2068 item
1104 2006 1136 2067 ad

121 2093 264 2156 duritiem
292 2096 362 2156 facit
389 2095 466 2156 bene
494 2094 557 2174 lupi
585 2097 669 2156 iecur
691 2096 823 2174 primum
850 2097 881 2154 in
905 2112 984 2174 aqua
1012 2096 1137 2156 ferventi

122 2183 286 2246 demissum
318 2194 406 2265 atque
438 2187 479 2245 ita
512 2184 682 2245 arefactum.
729 2180 879 2252 Quantum
911 2185 1136 2246 victoriatorum

121 2274 239 2350 pondus
263 2277 367 2355 trium,
391 2294 426 2335 ex
450 2292 543 2354 aquae
565 2272 665 2334 caldae
689 2270 803 2350 cyathis
827 2269 924 2332 tribus
948 2291 1004 2351 per
1027 2273 1137 2354 aliquot

122 2360 185 2420 dies
210 2361 302 2423 dabis.

69 2463 103 2511 25
212 2449 352 2510 CXXllll.
390 2449 465 2509 ltem
487 2447 564 2508 hene
588 2449 658 2509 facit
681 2448 717 2508 ad
737 2448 878 2509 duritiam
900 2449 1043 2511 iocineris
1062 2458 1137 2511 vete

122 2551 186 2593 rem
209 2535 325 2596 cunilae
349 2536 461 2615 aridae,
485 2553 573 2612 quam
598 2539 757 2597 satureiam
782 2537 902 2617 quidam
925 2546 1047 2618 vocant,
1073 2557 1138 2599 con·

121 2629 205 2682 tusae
228 2622 302 2700 pli
325 2625 416 2683 unius
439 2621 485 2681 vel
507 2624 655 2682 victoriati
679 2641 748 2686 cum
771 2625 862 2686 mulsi
885 2625 1001 2705 cyathis
1023 2625 1138 2688 duobus

122 2711 168 2771 vel
192 2711 316 2772 totidem
339 2728 442 2790 aquae.

212 2799 321 2863 CXXV.
358 2799 480 2860 Proficit
502 2799 627 2860 mirifice
651 2799 725 2862 haec
744 2803 910 2882 conpositio
929 2801 966 2862 ad
990 2810 1140 2863 tumorem

194 2961 210 3008 2
225 2953 413 3024 aspritudines
427 2953 465 3008 L:
485 2954 685 3023 amplitudines
699 2954 735 3010 11.
791 2960 808 3007 4
822 2954 1139 3025 transfunduntur(que)

123 3025 168 3078 M:
188 3024 450 3092 transfunditurque
469 3025 505 3080 11.
570 3026 636 3079 din
655 3024 772 3080 calicem
790 3041 895 3080 novum
913 3024 968 3080 M.-
1021 3034 1140 3095 dsnper

121 3097 234 3162 scripsi:
254 3111 338 3164 supra
357 3095 393 3150 11.
459 3101 492 3149 10
512 3097 676 3152 3311113313
697 3096 751 3150 erit
769 3096 808 3149 M
823 3095 906 3150 3111,
971 3096 1140 3152 obducenda

122 3163 155 3216 P.
174 3165 349 3234 Leopardus:
374 3166 540 3221 abducenda
558 3167 593 3222 11.
668 3173 701 3222 13
721 3166 951 3222 consuetudinem
973 3167 1138 3224 Oornariua:

123 3235 371 3292 consuetudineR.
422 3244 456 3291 14
470 3238 630 3293 remittatur
641 3238 685 3292 M.
742 3243 774 3292 18
790 3237 825 3293 ob
842 3238 890 3292 M:
910 3238 947 3292 ad
961 3238 997 3293 11.
1054 3255 1139 3308 quam

123 3306 229 3362 addidi.
303 3308 365 3362 colo
385 3324 444 3378 epo:
466 3308 522 3363 coli
540 3309 575 3364 R.
650 3315 683 3364 19
703 3310 784 3364 erent
801 3309 913 3378 scripsi:
937 3311 1022 3364 erunt
1040 3310 1081 3378 11;
1106 3307 1144 3364 Μ

122 3377 188 3432 haec
211 3377 301 3432 babet:
326 3379 363 3433 ob
380 3378 639 3449 intemperantiam,
665 3380 701 3434 ob
721 3396 806 3449 quam
827 3379 925 3447 ulique
945 3379 1007 3435 colo
1026 3380 1139 3436 fuerant

123 3449 189 3502 3313
207 3448 309 3504 vexati.
382 3456 415 3505 22
436 3451 589 3506 demissum
612 3467 671 3520 epo:
697 3451 843 3505 dimissum
862 3450 899 3505 11.
972 3456 1007 3506 23
1026 3453 1138 3520 pondus

122 3520 233 3588 scripsi:
252 3520 345 3589 pondo
364 3523 401 3577 R.
475 3529 508 3577 26
529 3522 649 3578 cunillae
669 3522 705 3577 11.
778 3529 812 3578 28
831 3521 877 3577 vel
895 3520 941 3576 M:
962 3522 1048 3578 3111.
