2400 3922
403 173 461 232 LX.
488 174 591 231 Iacobo
611 173 735 230 Gorscio.
1010 177 1073 242 127

57 338 91 398 ut
104 335 146 399 ab
163 335 366 421 optimorum
382 335 588 402 consiliorum
602 323 697 402 cursu
710 335 951 423 rectissimaque
965 343 1073 405 mente

57 422 222 510 deducant,
243 445 424 509 numquam
447 430 667 510 assequentur.
712 425 758 490 Te
781 426 910 509 quidem
932 427 1005 515 ista,
1027 428 1073 493 mi

56 509 182 598 Gorsci,
210 535 293 598 quae
323 518 379 578 aut
407 535 425 578 a
451 514 626 579 leuissimis
654 514 842 579 hominibus
869 518 988 580 temere
1016 522 1073 582 aut

53 601 92 665 ab
116 599 375 686 improbissimis
398 602 510 668 callide
534 603 798 690 disseminantur,
821 603 849 668 si
871 607 984 688 putem
1008 626 1072 670 cre·

52 688 139 777 dere,
178 689 330 778 ignorare
366 691 477 757 uidear
512 696 546 757 et
579 692 784 776 prudentiam
821 696 854 757 et
890 691 1071 759 bonitatem
1097 715 1111 756 s

51 780 149 844 tuam.
183 778 232 846 Ut
248 777 391 866 ingenue
409 784 518 846 tamen
535 785 643 847 tecum
662 803 765 867 agam,
788 785 865 865 post
883 781 939 846 illa
957 783 1071 847 uerba:

52 865 245 934 ‘Exclusum
271 891 341 934 essc
363 868 468 934 Roma
490 869 629 935 Paulum
650 869 859 954 Manutium',
890 871 1003 954 optaui
1031 871 1070 936 si·

51 977 154 1044 gnum
177 956 314 1042 aliquod
336 958 389 1023 uel
411 957 522 1024 iudicii
545 960 599 1024 uel
618 958 733 1023 saltem
751 959 870 1024 amoris
888 959 946 1023 tui.
986 959 1070 1024 Iudi-

51 1045 106 1130 cii,
134 1049 176 1111 ut
202 1046 266 1112 hoo
293 1046 439 1113 adderes:
472 1047 577 1124 ‘Quod
604 1047 674 1112 ueri
702 1047 807 1112 simile
829 1069 896 1113 non
917 1049 1069 1135 uidetur',

49 1139 106 1200 aut
126 1134 243 1220 etiam,
267 1134 371 1213 ‘Quod
389 1137 427 1201 de
450 1135 509 1201 tali
532 1136 603 1201 uiro
626 1137 684 1201 uix
703 1136 917 1222 crediderim'3
941 1138 1068 1225 amoris,
1082 1157 1109 1198 ιο

49 1221 111 1288 boc
139 1228 201 1288 aut
231 1223 349 1289 simile:
379 1224 487 1302 ‘Quod
514 1225 609 1309 cupio
636 1247 706 1291 esse
733 1226 881 1309 falsum',
913 1225 1017 1302 ‘Quod
1040 1227 1068 1291 si

50 1330 166 1378 nerum
185 1316 245 1396 est,
263 1311 378 1378 doleo'.
413 1313 502 1378 Haec
520 1318 557 1379 tu
576 1314 604 1379 si
623 1315 669 1380 sic
688 1314 882 1400 scripsisses,
900 1336 974 1380 cum
991 1315 1068 1379 ami-

49 1400 144 1466 citiae
167 1405 300 1466 nostrae
323 1405 394 1466 tum
417 1403 616 1468 constantiae
645 1426 774 1488 quoque
796 1409 872 1469 tuae
896 1403 1066 1469 satisfecis-

49 1510 109 1575 ses,
131 1489 192 1554 illa
214 1490 346 1575 quidem
368 1490 440 1575 ipsa
462 1493 572 1576 uerba,
596 1513 678 1577 quae
701 1493 881 1558 subacerba
901 1493 1066 1557 nonnullis

47 1579 152 1644 uideri
175 1578 315 1644 fortasse
338 1580 479 1664 possint,
502 1581 707 1646 condimento
732 1581 824 1665 quasi
848 1580 955 1665 aliquo
979 1580 1105 1645 miti-1⁶

47 1688 167 1754 pasca
203 1666 351 1753 Utraque
375 1673 425 1734 est
447 1680 466 1733 a·
484 1673 517 1734 16
541 1670 660 1735 omissa
678 1669 882 1756 significatiO,
905 1673 938 1732 et
956 1690 1065 1752 quam·

48 1777 145 1841 quam
168 1760 308 1841 utraque
331 1757 413 1822 mihi
436 1779 537 1843 acque
565 1763 659 1845 grata
681 1758 792 1823 futura
815 1761 912 1842 essct,
941 1757 1063 1842 quippe

48 1845 102 1930 qui
131 1867 153 1910 a
177 1844 274 1911 bonis
304 1846 502 1931 eruditisque
532 1847 624 1932 uiris,
654 1846 738 1912 idest
768 1870 787 1911 a
813 1846 862 1910 tui
893 1846 1064 1932 similibus,

45 1954 111 2000 uon
134 1934 244 2000 minus
267 1934 400 2020 probari
424 1957 521 2021 quam
544 1935 636 2022 diligi
664 1935 796 2022 uellem,
823 1940 932 2000 tamen
953 1937 1063 2002 nescio

47 2022 210 2109 quomodo
232 2024 284 2108 fit,
313 2028 350 2089 ut
373 2025 475 2090 amori
497 2028 532 2091 te
553 2024 637 2090 nihil
660 2025 785 2090 dedisse
808 2026 973 2110 aliquanto
996 2047 1062 2090 mo·
1076 2045 1103 2086 ro

45 2111 159 2179 leutius
190 2112 302 2178 feram.
351 2112 422 2191 Qua
452 2113 492 2178 de
521 2136 556 2178 rc
589 2114 704 2199 scripsi
736 2115 778 2179 ad
807 2119 840 2179 te
868 2115 971 2179 libere
1001 2136 1062 2198 pro

45 2222 117 2267 maa
138 2201 383 2267 consuetudine.
428 2201 544 2288 Neque
562 2207 673 2267 tamen
691 2203 815 2287 dubito,
839 2203 918 2287 quin
940 2207 976 2266 tu
999 2202 1062 2266 hoc

46 2290 168 2375 ipsum,
197 2290 285 2375 quod
307 2290 437 2376 scripsi,
463 2314 524 2376 pro
547 2296 605 2356 bia
627 2291 829 2357 humanitate
852 2290 947 2375 aequi
970 2290 1061 2355 boni-

46 2400 106 2464 que
129 2379 239 2445 facias.
285 2379 372 2446 Nam
399 2380 438 2444 de
461 2385 550 2445 statu
577 2403 685 2446 rerum
712 2400 856 2445 mearum
882 2377 1060 2466 mihiipsi,

46 2468 168 2534 auctori
196 2469 277 2534 satis
304 2470 405 2554 bono,
438 2468 536 2534 uelim
564 2470 686 2555 credas,
716 2492 782 2534 non
814 2469 910 2534 modo
937 2468 1059 2534 Romae
1074 2489 1100 2531 as

46 2579 111 2623 esse
143 2580 211 2642 me,
248 2579 363 2622 uerum
400 2557 497 2624 ctiam
529 2558 670 2624 libenter
702 2581 785 2646 esse,
822 2558 1060 2624 existimatione

47 2646 183 2735 integra,
220 2669 256 2711 re
287 2645 441 2711 familiari
478 2651 571 2713 ancta
608 2649 719 2732 potius
752 2670 849 2732 quam
880 2648 1059 2714 imminuta.

47 2733 128 2802 Vale.
175 2736 316 2821 Romae,
338 2734 394 2801 VI.
416 2735 487 2800 Kal.
512 2736 581 2802 Oct.
604 2736 782 2803 MDLXIX.

443 3041 656 3049 *-
