2430 3922
321 161 421 218 nun
448 161 494 216 Aa
512 141 661 216 anonam
679 159 818 218 canaam.
1033 161 1077 226 39

57 320 263 387 obsoleuisso
285 321 350 387 iam
374 327 406 387 et
429 323 605 387 extinctam
624 343 726 406 paene
745 327 849 388 totam
868 345 945 389 esse.
979 346 1077 409 quam

58 411 147 474 enim
170 410 267 475 hodie
289 411 467 498 nationem,
493 416 532 475 ut
560 433 670 475 omnes
698 411 805 476 animo
828 412 1077 499 perlustrantur,

58 499 178 564 Latina
208 498 322 583 loqui?
363 499 450 584 quod
481 522 558 564 uero
591 522 631 564 ex
664 522 701 565 oa
733 499 875 583 supersit
906 500 942 566 in
972 501 1076 586 libris,

58 587 232 652 minimum
254 588 288 651 id
311 610 390 673 esse,
412 593 578 672 tamquam
600 587 732 672 aliquod
753 588 848 653 inane
872 588 1078 655 simulacrum

56 675 207 760 corporis
231 675 397 741 exanimis,
434 677 584 760 quocirca
601 698 706 761 neque
730 676 804 741 sciri
828 677 980 763 perfecta,
1002 701 1076 743 cum
1102 699 1117 740 5

56 764 213 850 exiguam
240 768 367 848 partem
396 764 474 829 libri
504 765 704 849 contineant,
734 786 839 848 neque
871 767 1075 849 pronuntiari

58 852 220 938 decenter,
243 874 316 918 cum
339 852 496 918 sermonis
518 875 597 917 usus
620 857 796 939 enanuent,
819 854 952 918 anobis
971 877 1075 938 posse.

56 939 207 1007 Secundo
229 941 302 1007 loco
326 944 486 1006 statuunt:
512 946 551 1005 ut
574 941 723 1007 absolute
746 941 886 1029 percipi,
914 942 999 1027 quod
1021 967 1075 1009 ne-

57 1034 152 1115 gant,
184 1029 301 1095 Latina
333 1029 445 1116 lingua
476 1029 595 1116 possit,
627 1029 737 1094 mirari
769 1051 804 1095 se
836 1035 946 1096 tamen
977 1031 1075 1098 etiam

55 1122 157 1202 atqua
181 1119 294 1204 ctiam,
321 1140 378 1184 cur
400 1118 592 1183 industriam
620 1118 654 1183 in
677 1141 715 1183 ea
741 1119 891 1184 discenda
913 1124 981 1184 tam
1003 1121 1071 1186 diu·
1085 1142 1114 1182 ro

56 1210 189 1271 turnam
212 1228 380 1290 ponamus.
424 1207 507 1272 uitio
531 1207 662 1291 quidem
688 1206 722 1270 id
744 1207 815 1271 lieri
837 1206 1017 1273 uoluntatis
1041 1214 1073 1275 et

56 1294 177 1360 iudicii.
216 1295 409 1382 dignitatem
431 1296 466 1360 in
488 1318 522 1360 re
546 1299 671 1360 tantam
692 1317 760 1361 non
782 1318 860 1383 esse,
881 1301 920 1360 ut
941 1296 1074 1362 haerere

57 1405 115 1468 per
142 1387 196 1448 tot
222 1406 325 1449 annos
352 1385 386 1449 in
415 1385 477 1450 hoc
504 1384 613 1449 studio
641 1384 823 1449 debeamus.
870 1383 1074 1450 Concludunt

56 1476 237 1555 postremo:
266 1477 305 1537 ut
332 1473 371 1537 de
394 1473 538 1557 perfecta
562 1472 759 1560 cognitione,
787 1473 826 1537 de
854 1473 1013 1559 dignitate
1036 1496 1073 1539 ac

57 1560 258 1644 praestantia
281 1561 482 1646 concedatur,
505 1565 615 1627 tamen
633 1583 711 1646 esse,
734 1584 808 1627 cum
831 1583 868 1625 ea
885 1562 980 1645 pulsa
1003 1582 1113 1627 suc-1⁵

57 1648 191 1714 cesserit
223 1649 300 1735 alia,
336 1649 467 1716 minime
496 1649 717 1715 necessariam.
771 1650 850 1714 haec
884 1649 952 1734 isti;
990 1673 1073 1734 quae

57 1737 164 1822 specie
188 1737 312 1822 aliquid
333 1738 498 1804 uidentur:
529 1761 590 1825 ego
619 1761 654 1804 ro
676 1737 759 1802 nihil
787 1759 869 1823 esse,
892 1737 919 1802 si
943 1739 1071 1822 quando

58 1848 105 1890 na
138 1831 311 1910 praesente
342 1827 562 1913 disputantur,
594 1827 740 1892 concedo.
796 1825 955 1890 Conuenit
987 1827 1074 1892 inter

57 1936 113 1980 nos
137 1936 209 1980 esse
232 1915 355 2000 aliquid
378 1915 412 1980 in
431 1915 582 1981 omnibus
601 1915 811 1980 facultatibus
829 1919 926 1999 atque
945 1915 1073 1980 artibus

56 2008 245 2068 extremum.
289 2026 352 2088 quo
375 2008 487 2069 nostra
510 2004 617 2068 studia
640 2026 713 2068 cum
735 2004 956 2090 peruenerint,
984 2004 1071 2088 quie-
1086 2024 1114 2064 ao

57 2091 218 2156 scendum.
252 2093 309 2156 sed
330 2093 393 2158 hoc
411 2097 592 2158 extremum
611 2093 730 2177 quibus
744 2092 891 2157 terminis
910 2093 1071 2178 metimur,
1100 2129 1103 2133 ⁴

58 2180 99 2244 rei
122 2202 166 2246 ne
188 2184 319 2267 natura,
350 2204 391 2246 an
414 2180 507 2268 uulgi
530 2181 704 2265 opinione?
742 2181 769 2245 si
793 2181 945 2264 opinione
969 2180 1071 2266 uulgi,

57 2266 131 2334 licat
154 2270 393 2355 propemodum
415 2270 519 2334 otiose
541 2270 664 2334 uiuere:
695 2269 879 2353 mediocria,
907 2290 989 2354 quae
1013 2292 1071 2352 pu-

58 2360 167 2423 tantur
190 2357 356 2444 excellere,
379 2380 578 2444 quaeramus.
615 2358 649 2421 id
667 2358 746 2422 satis
765 2362 822 2422 est.
858 2357 914 2421 illa
937 2380 1072 2444 summa,

58 2446 111 2511 ubi
145 2467 310 2512 summum
345 2447 442 2512 decus
478 2447 620 2531 habitat,
657 2468 739 2529 quae
775 2446 893 2533 uulgus
929 2446 1070 2533 ignorat,
1084 2465 1111 2507 aa

57 2535 254 2600 omittamus.
299 2535 350 2600 sin
380 2541 561 2601 extremum
593 2534 674 2599 illud
706 2556 774 2600 esse
802 2535 967 2621 uolumus,
1005 2558 1069 2618 quo

58 2628 251 2705 peruentum
274 2645 348 2689 cum
371 2629 430 2709 est,
452 2623 605 2710 progredi
624 2622 754 2710 longius
772 2622 940 2709 nonlicet,
963 2624 1069 2688 mode-

57 2715 124 2775 rata
161 2711 270 2776 studia
305 2734 372 2776 non
407 2713 532 2776 dantur.
582 2713 759 2795 perfectam
796 2712 881 2776 enim
917 2712 1070 2777 scientiae

57 2796 183 2864 laudem
215 2800 352 2884 adipisci
383 2800 516 2865 maximi
544 2800 652 2883 operis
681 2805 737 2865 est.
783 2800 893 2883 itaque
924 2801 986 2866 hoc
1018 2822 1069 2865 ex-

57 2891 210 2972 tremum,
246 2888 346 2972 quod,
383 2888 513 2973 opinor,
543 2887 670 2954 Natura
701 2888 794 2953 nouit
826 2911 903 2972 una,
939 2889 1068 2973 sapiens
1082 2909 1109 2952 ac

57 2995 148 3042 namo
177 2998 332 3060 umquam
360 2999 393 3042 se
421 2976 552 3060 putauit
580 2998 649 3042 esse
679 2981 893 3042 consecutum.
940 2982 1069 3041 exstant

56 3061 238 3130 litterarum
274 3064 461 3130 clarissimis
497 3069 617 3129 testata
653 3065 883 3146 monumentis,
920 3063 1069 3148 exempla

56 3172 255 3219 summorum
281 3154 560 3238 philosophorum.
607 3153 663 3236 qui
690 3175 763 3218 cum
790 3156 930 3216 aetatem
956 3152 991 3217 in
1011 3153 1068 3217 ab·

57 3239 194 3308 ditm-um
217 3263 325 3308 rerum
348 3243 580 3326 perscrutanda
601 3241 720 3307 notitia
738 3241 966 3307 contriuissont
989 3241 1068 3306 mul-

56 3331 148 3416 taque
176 3330 300 3415 partim
329 3330 466 3418 legendo
494 3330 616 3414 partim
644 3330 815 3416 cogitando
843 3331 1007 3414 praeclara
1034 3336 1068 3396 et
1081 3350 1109 3391 ³⁵

56 3419 169 3485 eximia
196 3418 408 3503 reperissent,
436 3418 536 3484 latere
565 3424 674 3484 tamen
700 3419 804 3483 adhuc
828 3419 955 3506 magnis
978 3420 1067 3484 inuo-

56 3502 153 3574 lutam
184 3505 435 3573 difficultatibus
462 3508 634 3573 ucritatem
662 3511 694 3571 et
724 3507 847 3591 aliquid
876 3508 941 3572 sibi
969 3513 1067 3592 atque
