2400 3922
462 160 679 218 PRAEFATIO.
800 237 804 248 Ι
1027 163 1080 218 Vll

53 327 115 412 [Il,
139 325 261 410 LXIV,
282 323 439 410 LXXIII}
477 324 637 402 Quattuor
656 324 736 389 alias
753 323 889 391 Antonii
903 324 1081 412 Augustini

52 414 226 480 Renuardi
245 412 385 478 Parisini
408 413 580 478 annalibus
597 411 726 478 Aldinis
750 411 882 499 [[11]
906 418 939 478 et
962 415 1080 499 epistu-

54 504 97 568 lis
113 500 320 568 Manutianis
334 524 417 567 anno
433 504 519 568 1834
534 501 610 566 edit'
586 505 629 566 111
650 500 788 602 [mlx]
803 507 915 586 accept
917 524 952 568 as
901 504 1079 568 trefero.

145 590 258 676 Ipsius
285 595 395 655 autem
416 589 555 656 Manutii
582 590 738 655 uerba't
711 593 758 662 111
788 591 950 673 sequenda
973 591 1081 656 existi-

55 681 159 765 maui,
190 684 228 745 ut
259 679 421 744 scribendi
447 679 606 745 rationem
637 679 720 763 eius,
750 679 808 743 ubi
839 700 857 741 a
883 683 995 743 nostra
1024 679 1080 744 111-

57 773 219 853 quantum
248 767 427 852 discrepat,
456 771 566 833 tamen
598 790 696 852 quam
727 767 974 853 diligentissime
1006 767 1080 832 reti-

58 880 178 922 nerem.
234 856 311 922 Non
343 855 414 920 dico
452 855 490 920 de
523 856 569 921 eis
606 856 729 940 uerbis,
760 879 898 940 quorum
934 879 1011 920 uera
1043 879 1080 920 ac

60 947 201 1032 genuina
235 946 340 1009 forma
376 967 417 1008 ne
449 967 535 1009 nunc
569 946 698 1029 quidem
734 944 769 1009 in
801 945 952 1010 omnibus
985 945 1080 1010 libris

58 1035 181 1119 scripta
203 1033 338 1119 legitur:
360 1033 422 1098 hoc
446 1033 607 1117 peculiare
631 1039 680 1099 est
703 1033 801 1118 illius,
824 1038 861 1099 ut
884 1034 1079 1120 coniungere

60 1122 165 1187 soleat
178 1121 492 1206 uoculasquasdam,
516 1144 597 1206 quae
611 1145 630 1186 a
652 1123 749 1187 nobis
763 1127 963 1208 separantur,
977 1123 1081 1187 ueluti

60 1211 168 1276 ‘idest'
193 1211 314 1294 ‘quarn'
343 1233 415 1275 cum
439 1210 649 1294 superlatiuo,
672 1211 751 1275 alias
775 1211 905 1276 dirimat
928 1212 968 1275 ab
993 1216 1081 1275 11111-

60 1299 203 1383 cedenti,
230 1298 322 1363 uerbi
346 1320 442 1363 causa
466 1299 529 1363 ‘ue’
554 1303 586 1363 et
616 1299 678 1363 ‘ne'
698 1300 977 1386 interrogatiuum.
1011 1299 1079 1365 sin-

58 1387 138 1474 gula
162 1391 272 1451 autem
295 1388 463 1452 enuntiata
483 1386 571 1471 quod
593 1388 687 1452 modo
712 1410 730 1451 1
753 1389 930 1453 maiuscula
953 1388 1079 1454 ordiun-

58 1481 114 1540 tur
136 1476 256 1560 littera,
279 1476 374 1540 modo
399 1498 417 1539 a
435 1475 625 1563 minuscula,
647 1476 709 1541 hoc
727 1477 799 1541 ideo
818 1477 948 1542 uidetur
965 1477 1080 1542 fecisse
1124 1514 1127 1520 ·

57 1563 236 1648 Manutius,
257 1568 295 1627 ut
319 1568 375 1628 aut
398 1564 433 1627 in
452 1565 562 1629 eadem
581 1587 615 1628 re
639 1587 672 1629 se
695 1588 831 1651 pergere
850 1567 964 1630 autad
983 1566 1080 1631 aliam

58 1652 260 1738 significaret
282 1675 317 1717 11
336 1652 455 1717 uenire.
490 1652 669 1717 Maiuscida
688 1653 774 1717 enim
792 1658 863 1718 tum
881 1654 948 1718 fere
968 1655 1080 1739 utitur,
1134 1666 1136 1670 '

58 1763 135 1805 curn
157 1763 218 1806 nos
245 1745 367 1825 puncto
396 1741 504 1825 posito
533 1742 667 1806 eandem
689 1742 820 1827 lineam,
849 1742 976 1807 etiarnsi
1000 1743 1079 1808 satis

57 1829 158 1914 spatii
182 1829 344 1917 suppetit,
370 1852 438 1894 non
467 1830 507 1893 ad
534 1831 633 1894 finem
656 1830 900 1917 perscribimus,
924 1831 980 1896 sed
1002 1831 1078 1896 inci-

57 1919 168 2002 pimus
191 1919 233 1982 ab
258 1918 450 2001 insequenti.
487 1918 637 2002 Denique
661 1919 742 1983 illud
765 1919 821 1983 uix
843 1943 959 1985 uereor
980 1942 1021 1985 ne
1044 1921 1079 1985 in

57 2006 327 2091 reprehensiones
350 2006 506 2092 incurrat,
536 2007 624 2090 quod
646 2007 897 2094 interpungendi
920 2009 1079 2073 rationem

57 2095 282 2160 Manutianam
304 2095 414 2181 reieci,
442 2095 565 2180 quippe
591 2117 655 2180 qua
680 2100 817 2180 propter
839 2097 1006 2182 signorum
1024 2098 1079 2160 ab·

59 2184 250 2248 undantiam
272 2183 451 2269 legentium
479 2185 655 2249 commodis
682 2185 729 2248 ita
750 2206 817 2249 non
841 2185 1012 2267 serutatur,
1042 2190 1079 2249 ut

59 2271 223 2336 interdum
256 2272 417 2338 officiatur
452 2295 578 2357 nosque
607 2273 740 2337 eandem
772 2271 942 2357 periodum
974 2273 1078 2338 denuo

60 2381 203 2423 remeare
227 2382 390 2446 cogamur.

149 2447 199 2512 Ac
222 2471 262 2512 ne
285 2449 348 2513 hoc
371 2450 501 2534 quidem
524 2449 770 2535 improbaueris,
794 2449 881 2532 quod
904 2449 1080 2533 pristinum

60 2536 282 2620 usitatumque
301 2537 515 2621 epistularum
538 2538 683 2603 ordinem
705 2560 772 2603 non
794 2539 932 2623 seruaui,
955 2539 1011 2603 sed
1034 2539 1080 2603 111

60 2645 114 2687 111
133 2624 168 2688 in
185 2628 372 2709 temporum
390 2627 535 2691 ordinem
554 2628 653 2691 offero
672 2627 825 2711 redactas
843 2631 881 2692 ut
899 2649 991 2692 suam
1008 2627 1080 2711 ipse

58 2711 228 2777 Manutius
255 2714 359 2778 uitam
386 2714 536 2799 deinceps
564 2738 712 2780 enarrare
739 2715 896 2782 uideatur.
946 2716 1016 2793 Qua
1045 2716 1080 2780 in

58 2823 94 2863 re
119 2822 156 2865 ea
180 2803 370 2866 occurrebat
393 2803 575 2890 difficultas,
599 2805 685 2888 quod
707 2804 763 2869 1111
785 2827 852 2869 non
870 2804 975 2870 solum
993 2804 1079 2869 idem

58 2890 165 2953 facere
202 2890 362 2976 neglexit,
394 2891 428 2954 id
465 2891 552 2975 quod
582 2915 599 2956 e
630 2893 772 2959 numeris
805 2893 873 2958 eius
907 2916 925 2956 a
957 2915 1008 2956 me
1044 2893 1079 2956 in

57 2977 167 3043 titulis
195 2978 356 3062 appositis
381 2984 531 3065 apparet,
559 2981 615 3045 sed
643 2982 741 3047 etiam
773 3003 869 3064 saepe
891 3003 932 3044 ne
960 3002 1080 3044 annum

61 3066 196 3149 quidem
215 3071 272 3131 aut
296 3067 394 3152 diem,
418 3089 481 3151 quo
506 3069 646 3154 quidque
671 3069 926 3153 conscripsisset,
949 3067 1079 3132 adnota-

56 3157 160 3219 uerat.
208 3154 401 3221 Accuratius
424 3156 526 3242 igitur
548 3159 774 3244 inquirendum
797 3159 880 3242 erat,
912 3179 976 3240 quo
1000 3160 1079 3222 tern-

55 3266 139 3328 pore
158 3266 420 3344 unamquamque
435 3245 616 3329 epistulam·
627 3245 839 3331 compositam
857 3245 1079 3311 indicaremus.

55 3332 128 3408 Qua
157 3333 212 3396 uia
243 3333 304 3398 etsi
334 3333 533 3399 Kreusius
524 3359 588 3400 ram
621 3359 673 3400 me
702 3335 891 3420 praecessit,
946 3335 980 3399 ui
1012 3336 1078 3399 fere

54 3421 205 3495 omnium
229 3422 445 3506 epistularum
467 3427 613 3508 tempora
636 3423 804 3511 definierit,
781 3428 937 3488 ttamen
960 3424 1079 3524 quibus

54 3532 191 3594 quoque
218 3510 291 3576 loco
321 3512 479 3577 adductus
506 3513 610 3577 causis
637 3535 756 3578 annum
784 3477 987 3598 apposuerit,
1015 3510 1079 3575 nisi
