2430 3922
402 160 488 218 xxn
515 160 605 217 uario
624 160 744 217 naono.
1038 165 1080 229 51

62 326 165 387 ueant
196 319 267 408 (alii
296 322 376 385 haec
405 322 576 406 mirantur,
608 323 695 407 apud
725 346 775 387 me
805 323 953 410 uulgaria
983 323 1084 411 sunt),

61 411 122 476 sed
140 432 222 476 aueo
241 410 476 477 incredibiliter
493 415 667 494 patronum
682 416 826 477 ueterem
841 435 957 497 meum,
975 436 1083 479 meum

58 499 161 566 iiico?
207 499 307 565 immo
330 521 408 564 uero
431 499 613 565 litterarum
636 504 727 564 aest
714 500 915 565 tudiosorum
938 503 1083 568 omnium

62 589 241 672 ipsumque
264 588 320 653 litt
306 588 384 653 teris
409 588 628 673 excellentem,
651 587 872 653 Aiexandrum
892 589 1082 656 Famesium

64 676 271 742 Cardinalem
301 675 450 742 salutare.
497 700 593 761 quem
621 677 760 764 cognoui
785 677 908 742 Romae
936 685 969 742 et
996 679 1082 744 colui
1109 704 1122 744 5

58 788 206 850 'puerum
230 766 413 831 adolescens
442 766 559 831 eximia
587 765 652 829 iam
675 769 746 830 tum
768 765 874 831 indole
898 767 1082 850 praeditum

64 859 100 920 et
123 875 236 918 earum
257 853 390 919 laudum
407 854 586 939 principiis²
610 877 689 937 quas
708 854 822 920 deinde
845 859 958 919 auctus
976 860 1082 920 aetate

67 942 167 1007 simul
191 947 225 1006 et
248 942 366 1007 iudicio
389 944 540 1027 perfecit,
563 965 680 1029 magna
704 943 945 1026 exspectatione
969 945 1082 1008 floren-

62 1035 143 1095 tem.
191 1053 255 1113 quo
280 1031 411 1115 quidem
433 1036 580 1115 tempore
603 1032 813 1096 uehementer
833 1032 913 1096 urbs
935 1032 1008 1116 ipsa
1031 1055 1082 1096 ex-

64 1118 184 1183 citauit
212 1141 264 1183 me
292 1124 389 1202 atque
420 1120 506 1184 acuit
535 1121 570 1184 in
597 1119 704 1184 studio
731 1120 916 1185 liberalium
942 1121 1082 1204 discipli·
1097 1146 1124 1186 ιο

63 1229 197 1291 narum,
234 1207 390 1291 adspectu
425 1208 498 1291 ipso
530 1208 736 1293 antiquitatis
773 1213 805 1273 et
839 1208 1013 1292 multiplici
1045 1231 1083 1273 ac

62 1296 158 1361 uaria
185 1296 353 1361 hominum
381 1296 580 1361 eruditorum
608 1297 750 1362 scientia.
796 1297 853 1362 sed
879 1302 916 1362 ut
943 1297 1082 1384 ingenue

60 1386 185 1468 fatear,
218 1385 349 1468 proprie
383 1407 435 1450 me
470 1385 630 1469 expoliuit
660 1386 733 1450 aula
761 1386 906 1451 Famesii
937 1386 1083 1452 moribus

62 1495 103 1539 ac
136 1473 271 1556 litteris,
307 1495 381 1538 cum
411 1473 556 1538 uiuerem
589 1474 848 1540 coniunctissime
881 1496 918 1538 ac
949 1474 1082 1538 familia·

65 1561 195 1627 rissime
228 1583 301 1626 cum
333 1562 461 1626 duobus
489 1562 776 1646 praestantissimis
805 1562 897 1647 uine,
929 1562 1082 1627 Marcello
1097 1587 1123 1628 rs

65 1650 208 1716 Geruino
232 1654 265 1714 et
283 1650 481 1715 Bernardino
500 1650 659 1735 Maffaeio,
683 1673 820 1735 quorum
842 1651 981 1714 alterum
1000 1651 1083 1714 Pon-

63 1740 189 1804 tificem
212 1738 401 1822 maximum,
427 1739 565 1804 alterum
589 1739 802 1824 Cardinalem‚
829 1743 1003 1821 utrumque
1027 1738 1083 1802 im·

64 1827 268 1893 mortalitate
291 1827 517 1914 dignissimum
544 1829 678 1892 aduersa
706 1827 801 1892 bonis
825 1828 950 1892 artibus
972 1827 1084 1911 iniqua

65 1939 156 1982 mors
179 1916 309 2000 eripuit.
348 1915 452 1992 Quare
477 1917 563 1999 quod
585 1938 637 1981 me
655 1915 805 1981 Parmam
827 1938 925 1981 uocas
948 1919 981 1980 et
1003 1915 1084 1980 mui-

63 2006 109 2070 tis
139 2005 251 2070 uerbis
277 2004 397 2069 inuitas
425 2005 658 2089 amantissime,
687 2027 753 2069 non
780 2027 831 2069 me
859 2005 986 2070 litterae
1009 2009 1084 2070 tuae
1098 2032 1125 2071 ιο

65 2094 213 2178 sopitum
245 2094 440 2177 excitarunt,
471 2093 527 2157 sed
554 2098 735 2158 currentem
764 2093 887 2177 potius,
918 2096 954 2158 ut
984 2093 1084 2177 aiunt,

66 2182 254 2248 incitarunt
301 2182 386 2283 quod
416 2181 541 2246 utinam
571 2204 644 2246 cum
676 2181 843 2246 uoluntate
875 2184 981 2246 cetera
1013 2202 1085 2244 con-

67 2274 236 2358 gruerent:
259 2270 324 2334 iam
347 2271 476 2371 iamque
494 2270 664 2335 uobiscum
684 2292 794 2334 essem.
825 2269 881 2333 sed
899 2269 989 2333 uides
1009 2268 1085 2332 anni

66 2364 213 2443 tempus,
244 2358 335 2424 uides
357 2359 512 2424 itinerum
539 2358 676 2423 difficult
678 2362 776 2443 atcm3
805 2357 881 2441 scis,
909 2378 1006 2441 quam
1028 2356 1085 2420 im-

68 2447 237 2513 beciflo
212 2471 274 2512 sim
295 2469 438 2533 corpore,
463 2469 560 2532 quam
582 2447 674 2512 tenui
697 2451 730 2511 et
753 2446 793 2510 ad
815 2445 1048 2510 incommoda
1039 2467 1086 2508 ιιι-
1099 2471 1126 2512 ιι

68 2537 232 2619 iuriasque
256 2535 336 2600 caeli
364 2536 571 2620 perferendas
594 2557 709 2619 parum
732 2539 819 2618 apto
864 2534 963 2599 timeo
988 2533 1087 2598 etiam

67 2648 86 2688 a
109 2624 287 2706 militibus,
310 2645 329 2687 a
352 2624 471 2707 quibus
495 2624 598 2689 otium
621 2646 687 2688 non
710 2628 768 2687 est
810 2644 976 2687 excurrere
1000 2622 1087 2686 enim

67 2714 282 2778 dicunturet
310 2713 446 2795 praedas
474 2713 586 2776 faeere
631 2734 698 2776 non
720 2711 823 2798 igitur
844 2710 986 2795 ueniam,
1014 2732 1088 2775 cum

66 2824 86 2865 a
118 2801 216 2866 uobis
250 2800 313 2864 diei
351 2800 446 2865 unius
483 2800 539 2864 uix
575 2800 723 2865 absim
714 2804 763 2864 mt
749 2799 908 2864 teruallo?
950 2799 1087 2883 ueniam,

66 2891 207 2991 opinor,
219 2910 366 2973 quaeque
385 2889 596 2953 aduersantur
618 2892 651 2952 et
670 2887 861 2972 impediunt,
884 2891 1088 2952 contemnam
1101 2913 1128 2954 ao

67 2980 185 3044 omnia.
203 2976 301 3042 uolo
326 2977 456 3041 omnino
480 2977 560 3041 meis
584 2976 685 3042 oeulis
702 2976 855 3041 Famesio
880 2975 1016 3039 uidendo
1041 2995 1087 3037 sa·

58 3068 232 3152 tisfacere3
261 3065 336 3130 uolo
364 3066 448 3129 hanc
470 3087 489 3129 a
512 3087 563 3130 me
587 3065 658 3149 ipso
682 3069 755 3151 grat
757 3064 821 3128 iam
841 3062 925 3126 inire
949 3064 982 3125 et
1005 3061 1088 3125 salu

59 3157 125 3220 ”tat
100 3156 204 3222 tronis
223 3154 342 3242 officio,
365 3153 536 3254 expedito
542 3175 617 3218 sane
641 3176 678 3218 ac
701 3152 822 3253 debita
844 3148 1005 3236 perfungi
1043 3149 1088 3214 Te

68 3268 159 3330 uero,
188 3243 314 3328 optime
343 3265 379 3307 ac
407 3242 491 3307 doct
483 3242 591 3307 issime
613 3242 710 3326 Mari,
739 3240 829 3305 cuius
858 3238 1088 3304 consuetudine

69 3336 100 3398 et
132 3353 285 3398 sermone
318 3352 409 3397 careo
441 3331 555 3396 multis
587 3330 706 3395 abhinc
737 3329 843 3414 annis,
880 3350 977 3414 quem
1008 3327 1129 3393 mihies

69 3425 178 3489 tamen
204 3444 244 3486 ex
267 3420 375 3486 animo
404 3442 581 3506 numquam
609 3417 730 3505 eripuit
756 3441 861 3502 neque
884 3420 1015 3500 tempus
1037 3438 1090 3480 ne·

71 3533 129 3596 que
160 3509 402 3598 longinquitas,
436 3513 563 3594 quost
533 3508 639 3575 studio
673 3507 832 3592 complent
818 3505 890 3571 tar?
937 3507 1092 3589 quantam

843 3608 878 3664 4⁸
