<?xml version="1.0" encoding="UTF-8"?>
<!DOCTYPE html PUBLIC "-//W3C//DTD XHTML 1.0 Transitional//EN"
    "http://www.w3.org/TR/xhtml1/DTD/xhtml1-transitional.dtd">
<html xmlns="http://www.w3.org/1999/xhtml" xml:lang="en" lang="en">
 <head>
  <title>
</title>
<meta http-equiv="Content-Type" content="text/html;charset=utf-8" />
  <meta name='ocr-system' content='tesseract 3.04.00' />
  <meta name='ocr-capabilities' content='ocr_page ocr_carea ocr_par ocr_line ocrx_word'/>
</head>
<body>
  <div class='ocr_page' id='page_1' title='image "./paulimanutiiepi00fickgoog_0208.png"; bbox 0 0 2400 3922; ppageno 0'>
   <div class='ocr_carea' id='block_1_1' title="bbox 475 184 694 248">
    <p class='ocr_par' dir='ltr' id='par_1_1' title="bbox 475 184 694 248">
     <span class='ocr_line' id='line_1_1' title="bbox 475 184 694 248; baseline 0 -18"><span class='ocrx_word' id='word_1_1' title='bbox 475 184 694 248; x_wconf 59' lang='lat'><strong>...19„</strong></span> 
     </span>
    </p>
   </div>
   <div class='ocr_carea' id='block_1_2' title="bbox 68 345 1142 3092">
    <p class='ocr_par' dir='ltr' id='par_1_2' title="bbox 73 345 1091 694">
     <span class='ocr_line' id='line_1_2' title="bbox 73 345 1091 429; baseline 0.002 -21"><span class='ocrx_word' id='word_1_2' title='bbox 73 345 233 429; x_wconf 88' lang='lat' dir='ltr'>abducere,</span> <span class='ocrx_word' id='word_1_3' title='bbox 262 363 338 426; x_wconf 85' lang='lat' dir='ltr'>quae</span> <span class='ocrx_word' id='word_1_4' title='bbox 367 345 452 407; x_wconf 92' lang='lat' dir='ltr'>lacile</span> <span class='ocrx_word' id='word_1_5' title='bbox 481 345 716 426; x_wconf 90' lang='lat' dir='ltr'>subsequuntur.</span> <span class='ocrx_word' id='word_1_6' title='bbox 766 346 838 409; x_wconf 86' lang='lat' dir='ltr'>Post</span> <span class='ocrx_word' id='word_1_7' title='bbox 869 348 942 410; x_wconf 92' lang='lat' dir='ltr'>haec</span> <span class='ocrx_word' id='word_1_8' title='bbox 971 352 1091 412; x_wconf 92' lang='lat' dir='ltr'>cinereo</span> 
     </span>
     <span class='ocr_line' id='line_1_3' title="bbox 73 433 1090 516; baseline 0.003 -20"><span class='ocrx_word' id='word_1_9' title='bbox 73 453 107 496; x_wconf 88' lang='lat' dir='ltr'>ex</span> <span class='ocrx_word' id='word_1_10' title='bbox 131 452 210 516; x_wconf 84' lang='lat' dir='ltr'>aqua</span> <span class='ocrx_word' id='word_1_11' title='bbox 233 433 419 514; x_wconf 81' lang='lat' dir='ltr'>inunguendi</span> <span class='ocrx_word' id='word_1_12' title='bbox 442 442 532 496; x_wconf 92' lang='lat' dir='ltr'>erunt</span> <span class='ocrx_word' id='word_1_13' title='bbox 555 438 709 497; x_wconf 79' lang='lat' dir='ltr'><strong>crassiore.</strong></span> <span class='ocrx_word' id='word_1_14' title='bbox 748 435 812 497; x_wconf 91' lang='lat' dir='ltr'>Iloc</span> <span class='ocrx_word' id='word_1_15' title='bbox 835 438 992 498; x_wconf 92' lang='lat' dir='ltr'>inunctum</span> <span class='ocrx_word' id='word_1_16' title='bbox 1015 440 1090 501; x_wconf 91' lang='lat' dir='ltr'>mul-</span> 
     </span>
     <span class='ocr_line' id='line_1_4' title="bbox 73 522 1090 607; baseline 0.002 -21"><span class='ocrx_word' id='word_1_17' title='bbox 73 533 173 586; x_wconf 88' lang='lat' dir='ltr'>torum</span> <span class='ocrx_word' id='word_1_18' title='bbox 197 540 346 585; x_wconf 90' lang='lat' dir='ltr'>annorum</span> <span class='ocrx_word' id='word_1_19' title='bbox 367 522 457 584; x_wconf 89' lang='lat' dir='ltr'>callos</span> <span class='ocrx_word' id='word_1_20' title='bbox 482 531 512 584; x_wconf 92' lang='lat' dir='ltr'>et</span> <span class='ocrx_word' id='word_1_21' title='bbox 534 525 735 603; x_wconf 89' lang='lat' dir='ltr'>aspritudines</span> <span class='ocrx_word' id='word_1_22' title='bbox 758 524 967 604; x_wconf 82' lang='lat' dir='ltr'>palpebrarum</span> <span class='ocrx_word' id='word_1_23' title='bbox 987 527 1090 607; x_wconf 89' lang='lat' dir='ltr'>despe-</span> 
     </span>
     <span class='ocr_line' id='line_1_5' title="bbox 73 611 986 694; baseline 0 -19"><span class='ocrx_word' id='word_1_24' title='bbox 73 621 152 675; x_wconf 81' lang='lat' dir='ltr'>ratas</span> <span class='ocrx_word' id='word_1_25' title='bbox 176 630 193 672; x_wconf 95' lang='lat' dir='ltr'>a</span> <span class='ocrx_word' id='word_1_26' title='bbox 216 611 397 692; x_wconf 85' lang='lat' dir='ltr'>qrribusdam</span> <span class='ocrx_word' id='word_1_27' title='bbox 421 611 621 674; x_wconf 89' lang='lat' dir='ltr'>oculariorum</span> <span class='ocrx_word' id='word_1_28' title='bbox 644 615 748 694; x_wconf 91' lang='lat' dir='ltr'>paucis</span> <span class='ocrx_word' id='word_1_29' title='bbox 772 612 878 675; x_wconf 92' lang='lat' dir='ltr'>diebus</span> <span class='ocrx_word' id='word_1_30' title='bbox 901 613 986 675; x_wconf 90' lang='lat' dir='ltr'>tollit.</span> 
     </span>
    </p>

    <p class='ocr_par' dir='ltr' id='par_1_3' title="bbox 68 698 1142 1740">
     <span class='ocr_line' id='line_1_6' title="bbox 161 698 1124 783; baseline 0.005 -21"><span class='ocrx_word' id='word_1_31' title='bbox 161 699 319 762; x_wconf 83' lang='lat' dir='ltr'><strong>XXXVIII.</strong></span> <span class='ocrx_word' id='word_1_32' title='bbox 349 700 395 761; x_wconf 79' lang='lat' dir='ltr'>nd</span> <span class='ocrx_word' id='word_1_33' title='bbox 414 701 593 764; x_wconf 84' lang='lat' dir='ltr'>suffusiones</span> <span class='ocrx_word' id='word_1_34' title='bbox 612 701 777 783; x_wconf 92' lang='lat' dir='ltr'>oculorum,</span> <span class='ocrx_word' id='word_1_35' title='bbox 800 721 874 782; x_wconf 86' lang='lat' dir='ltr'>quas</span> <span class='ocrx_word' id='word_1_36' title='bbox 893 703 999 764; x_wconf 89' lang='lat' dir='ltr'>Graeci</span> <span class='ocrx_word' id='word_1_37' title='bbox 1017 698 1089 766; x_wconf 75' lang='grc' dir='ltr'>ὑπο·</span> <span class='ocrx_word' id='word_1_38' title='bbox 1109 718 1124 767; x_wconf 81' lang='lat'>5</span> 
     </span>
     <span class='ocr_line' id='line_1_7' title="bbox 72 785 1088 872; baseline 0.003 -22"><span class='ocrx_word' id='word_1_39' title='bbox 72 785 186 871; x_wconf 72' lang='grc' dir='ltr'><strong><em>χόματα</em></strong></span> <span class='ocrx_word' id='word_1_40' title='bbox 208 789 327 871; x_wconf 91' lang='lat' dir='ltr'>dieunt,</span> <span class='ocrx_word' id='word_1_41' title='bbox 355 790 604 851; x_wconf 80' lang='lat' dir='ltr'>medicamentum</span> <span class='ocrx_word' id='word_1_42' title='bbox 627 791 787 871; x_wconf 81' lang='lat' dir='ltr'>liquidum:</span> <span class='ocrx_word' id='word_1_43' title='bbox 814 791 948 853; x_wconf 87' lang='lat' dir='ltr'>Fenicnli</span> <span class='ocrx_word' id='word_1_44' title='bbox 972 794 1038 853; x_wconf 91' lang='lat' dir='ltr'>suci</span> <span class='ocrx_word' id='word_1_45' title='bbox 1060 813 1088 872; x_wconf 90' lang='lat' dir='ltr'>p.</span> 
     </span>
     <span class='ocr_line' id='line_1_8' title="bbox 72 877 1089 964; baseline 0.002 -24"><span class='ocrx_word' id='word_1_46' title='bbox 72 877 177 960; x_wconf 80' lang='lat' dir='ltr'><strong>XIII,</strong></span> <span class='ocrx_word' id='word_1_47' title='bbox 206 878 388 958; x_wconf 78' lang='lat' dir='ltr'>opobalsami</span> <span class='ocrx_word' id='word_1_48' title='bbox 415 899 443 958; x_wconf 91' lang='lat' dir='ltr'>p.</span> <span class='ocrx_word' id='word_1_49' title='bbox 468 878 493 939; x_wconf 81' lang='lat' dir='ltr'>ll</span> <span class='ocrx_word' id='word_1_50' title='bbox 521 879 575 961; x_wconf 95' lang='lat' dir='ltr'>III,</span> <span class='ocrx_word' id='word_1_51' title='bbox 605 880 701 940; x_wconf 92' lang='lat' dir='ltr'>mellis</span> <span class='ocrx_word' id='word_1_52' title='bbox 729 879 820 942; x_wconf 79' lang='lat' dir='ltr'>Attici</span> <span class='ocrx_word' id='word_1_53' title='bbox 848 901 875 960; x_wconf 94' lang='lat' dir='ltr'><strong>p.</strong></span> <span class='ocrx_word' id='word_1_54' title='bbox 900 880 1004 964; x_wconf 78' lang='lat' dir='ltr'><strong>XIII,</strong></span> <span class='ocrx_word' id='word_1_55' title='bbox 1032 881 1089 942; x_wconf 90' lang='lat' dir='ltr'>olei</span> 
     </span>
     <span class='ocr_line' id='line_1_9' title="bbox 72 966 1096 1051; baseline 0 -23"><span class='ocrx_word' id='word_1_56' title='bbox 72 969 184 1029; x_wconf 81' lang='lat' dir='ltr'>veteris</span> <span class='ocrx_word' id='word_1_57' title='bbox 213 985 241 1046; x_wconf 96' lang='lat' dir='ltr'><strong>p.</strong></span> <span class='ocrx_word' id='word_1_58' title='bbox 265 967 291 1028; x_wconf 80' lang='lat' dir='ltr'>II</span> <span class='ocrx_word' id='word_1_59' title='bbox 314 967 368 1048; x_wconf 94' lang='lat' dir='ltr'>III,</span> <span class='ocrx_word' id='word_1_60' title='bbox 395 966 526 1048; x_wconf 76' lang='lat' dir='ltr'>hyaenae</span> <span class='ocrx_word' id='word_1_61' title='bbox 549 967 625 1028; x_wconf 83' lang='lat' dir='ltr'>sellis</span> <span class='ocrx_word' id='word_1_62' title='bbox 649 988 677 1048; x_wconf 88' lang='lat' dir='ltr'>p.</span> <span class='ocrx_word' id='word_1_63' title='bbox 698 969 723 1029; x_wconf 84' lang='lat' dir='ltr'>II</span> <span class='ocrx_word' id='word_1_64' title='bbox 745 969 772 1051; x_wconf 94' lang='lat' dir='ltr'>I,</span> <span class='ocrx_word' id='word_1_65' title='bbox 800 968 946 1050; x_wconf 86' lang='lat' dir='ltr'>euphorbi</span> <span class='ocrx_word' id='word_1_66' title='bbox 970 989 998 1049; x_wconf 90' lang='lat' dir='ltr'>p.</span> <span class='ocrx_word' id='word_1_67' title='bbox 1018 970 1044 1040; x_wconf 72' lang='lat' dir='ltr'>II</span> <span class='ocrx_word' id='word_1_68' title='bbox 1067 971 1096 1032; x_wconf 91' lang='lat' dir='ltr'><strong>I..</strong></span> 
     </span>
     <span class='ocr_line' id='line_1_10' title="bbox 71 1055 1089 1138; baseline 0.002 -20"><span class='ocrx_word' id='word_1_69' title='bbox 71 1055 134 1118; x_wconf 86' lang='lat' dir='ltr'>Iloc</span> <span class='ocrx_word' id='word_1_70' title='bbox 158 1056 225 1116; x_wconf 93' lang='lat' dir='ltr'>oleo</span> <span class='ocrx_word' id='word_1_71' title='bbox 249 1055 374 1117; x_wconf 79' lang='lat' dir='ltr'>diluitur</span> <span class='ocrx_word' id='word_1_72' title='bbox 397 1059 491 1116; x_wconf 89' lang='lat' dir='ltr'>etita</span> <span class='ocrx_word' id='word_1_73' title='bbox 514 1059 726 1119; x_wconf 81' lang='lat' dir='ltr'>commiscetur</span> <span class='ocrx_word' id='word_1_74' title='bbox 749 1061 866 1120; x_wconf 81' lang='lat' dir='ltr'>ceteris</span> <span class='ocrx_word' id='word_1_75' title='bbox 906 1058 1020 1138; x_wconf 77' lang='lat' dir='ltr'>Aquato</span> <span class='ocrx_word' id='word_1_76' title='bbox 1044 1062 1089 1120; x_wconf 89' lang='lat' dir='ltr'>uti</span> 
     </span>
     <span class='ocr_line' id='line_1_11' title="bbox 72 1144 1142 1226; baseline 0.004 -20"><span class='ocrx_word' id='word_1_77' title='bbox 72 1144 225 1226; x_wconf 82' lang='lat' dir='ltr'>oportebit</span> <span class='ocrx_word' id='word_1_78' title='bbox 248 1145 305 1206; x_wconf 92' lang='lat' dir='ltr'>hcc</span> <span class='ocrx_word' id='word_1_79' title='bbox 327 1144 558 1206; x_wconf 88' lang='lat' dir='ltr'>medicamento:</span> <span class='ocrx_word' id='word_1_80' title='bbox 581 1154 627 1207; x_wconf 91' lang='lat' dir='ltr'>est</span> <span class='ocrx_word' id='word_1_81' title='bbox 648 1147 728 1207; x_wconf 87' lang='lat' dir='ltr'>enim</span> <span class='ocrx_word' id='word_1_82' title='bbox 751 1150 930 1209; x_wconf 89' lang='lat' dir='ltr'>acerrimum</span> <span class='ocrx_word' id='word_1_83' title='bbox 949 1157 980 1209; x_wconf 90' lang='lat' dir='ltr'>et</span> <span class='ocrx_word' id='word_1_84' title='bbox 1002 1149 1087 1210; x_wconf 92' lang='lat' dir='ltr'>undi-</span> <span class='ocrx_word' id='word_1_85' title='bbox 1109 1163 1142 1210; x_wconf 86' lang='lat'>10</span> 
     </span>
     <span class='ocr_line' id='line_1_12' title="bbox 71 1232 1088 1316; baseline 0.002 -21"><span class='ocrx_word' id='word_1_86' title='bbox 71 1252 129 1314; x_wconf 79' lang='lat' dir='ltr'>que</span> <span class='ocrx_word' id='word_1_87' title='bbox 158 1233 303 1294; x_wconf 88' lang='lat' dir='ltr'>humores</span> <span class='ocrx_word' id='word_1_88' title='bbox 330 1233 429 1294; x_wconf 89' lang='lat' dir='ltr'>trahit</span> <span class='ocrx_word' id='word_1_89' title='bbox 476 1232 675 1304; x_wconf 83' lang='lat' dir='ltr'>Quamobrem</span> <span class='ocrx_word' id='word_1_90' title='bbox 702 1253 762 1295; x_wconf 93' lang='lat' dir='ltr'>non</span> <span class='ocrx_word' id='word_1_91' title='bbox 795 1245 865 1297; x_wconf 92' lang='lat' dir='ltr'>sunt</span> <span class='ocrx_word' id='word_1_92' title='bbox 894 1237 1088 1316; x_wconf 83' lang='lat' dir='ltr'>inunguendi,</span> 
     </span>
     <span class='ocr_line' id='line_1_13' title="bbox 71 1322 1088 1404; baseline 0 -20"><span class='ocrx_word' id='word_1_93' title='bbox 71 1325 123 1403; x_wconf 82' lang='lat' dir='ltr'>qui</span> <span class='ocrx_word' id='word_1_94' title='bbox 146 1323 255 1402; x_wconf 87' lang='lat' dir='ltr'>capitis</span> <span class='ocrx_word' id='word_1_95' title='bbox 278 1322 412 1383; x_wconf 89' lang='lat' dir='ltr'>dolorem</span> <span class='ocrx_word' id='word_1_96' title='bbox 435 1330 487 1383; x_wconf 89' lang='lat' dir='ltr'>aut</span> <span class='ocrx_word' id='word_1_97' title='bbox 509 1325 684 1401; x_wconf 83' lang='lat' dir='ltr'>gravitatem</span> <span class='ocrx_word' id='word_1_98' title='bbox 706 1322 830 1404; x_wconf 80' lang='lat' dir='ltr'>habent3</span> <span class='ocrx_word' id='word_1_99' title='bbox 857 1326 930 1384; x_wconf 92' lang='lat' dir='ltr'>item</span> <span class='ocrx_word' id='word_1_100' title='bbox 954 1332 1022 1385; x_wconf 91' lang='lat' dir='ltr'>ante</span> <span class='ocrx_word' id='word_1_101' title='bbox 1045 1323 1088 1384; x_wconf 92' lang='lat' dir='ltr'>bi-</span> 
     </span>
     <span class='ocr_line' id='line_1_14' title="bbox 70 1410 1087 1495; baseline -0.001 -22"><span class='ocrx_word' id='word_1_102' title='bbox 70 1410 166 1473; x_wconf 91' lang='lat' dir='ltr'>duum</span> <span class='ocrx_word' id='word_1_103' title='bbox 190 1419 243 1472; x_wconf 90' lang='lat' dir='ltr'>aut</span> <span class='ocrx_word' id='word_1_104' title='bbox 264 1413 398 1472; x_wconf 89' lang='lat' dir='ltr'>triduum</span> <span class='ocrx_word' id='word_1_105' title='bbox 421 1419 455 1472; x_wconf 92' lang='lat' dir='ltr'>ut</span> <span class='ocrx_word' id='word_1_106' title='bbox 478 1429 585 1490; x_wconf 87' lang='lat' dir='ltr'>aquam</span> <span class='ocrx_word' id='word_1_107' title='bbox 606 1411 719 1495; x_wconf 82' lang='lat' dir='ltr'>bibant,</span> <span class='ocrx_word' id='word_1_108' title='bbox 742 1430 817 1491; x_wconf 89' lang='lat' dir='ltr'>quos</span> <span class='ocrx_word' id='word_1_109' title='bbox 840 1413 1087 1473; x_wconf 85' lang='lat' dir='ltr'>destinaverimus</span> 
     </span>
     <span class='ocr_line' id='line_1_15' title="bbox 70 1499 1087 1581; baseline -0.001 -19"><span class='ocrx_word' id='word_1_110' title='bbox 70 1518 106 1562; x_wconf 90' lang='lat' dir='ltr'>eo</span> <span class='ocrx_word' id='word_1_111' title='bbox 126 1517 272 1580; x_wconf 78' lang='lat' dir='ltr'>unguere.</span> <span class='ocrx_word' id='word_1_112' title='bbox 306 1499 491 1580; x_wconf 83' lang='lat' dir='ltr'>Quamquam</span> <span class='ocrx_word' id='word_1_113' title='bbox 513 1500 620 1562; x_wconf 88' lang='lat' dir='ltr'>mehus</span> <span class='ocrx_word' id='word_1_114' title='bbox 644 1501 754 1562; x_wconf 87' lang='lat' dir='ltr'>facient</span> <span class='ocrx_word' id='word_1_115' title='bbox 776 1503 879 1581; x_wconf 91' lang='lat' dir='ltr'>etiam,</span> <span class='ocrx_word' id='word_1_116' title='bbox 903 1502 929 1561; x_wconf 89' lang='lat' dir='ltr'>si</span> <span class='ocrx_word' id='word_1_117' title='bbox 952 1519 1087 1581; x_wconf 88' lang='lat' dir='ltr'>perseve-</span> 
     </span>
     <span class='ocr_line' id='line_1_16' title="bbox 69 1588 1141 1668; baseline 0.001 -18"><span class='ocrx_word' id='word_1_118' title='bbox 69 1596 174 1650; x_wconf 85' lang='lat' dir='ltr'>ranter</span> <span class='ocrx_word' id='word_1_119' title='bbox 198 1607 304 1668; x_wconf 89' lang='lat' dir='ltr'>aquam</span> <span class='ocrx_word' id='word_1_120' title='bbox 332 1591 512 1668; x_wconf 86' lang='lat' dir='ltr'>potaverint:</span> <span class='ocrx_word' id='word_1_121' title='bbox 540 1591 611 1650; x_wconf 86' lang='lat' dir='ltr'>vitio</span> <span class='ocrx_word' id='word_1_122' title='bbox 636 1591 715 1650; x_wconf 90' lang='lat' dir='ltr'>enim</span> <span class='ocrx_word' id='word_1_123' title='bbox 739 1589 947 1651; x_wconf 90' lang='lat' dir='ltr'>molestissimo</span> <span class='ocrx_word' id='word_1_124' title='bbox 973 1588 1141 1652; x_wconf 83' lang='lat' dir='ltr'>facilius15</span> 
     </span>
     <span class='ocr_line' id='line_1_17' title="bbox 68 1676 437 1740; baseline 0 -1"><span class='ocrx_word' id='word_1_125' title='bbox 68 1680 152 1739; x_wconf 87' lang='lat' dir='ltr'>inter</span> <span class='ocrx_word' id='word_1_126' title='bbox 175 1679 260 1738; x_wconf 89' lang='lat' dir='ltr'>initia</span> <span class='ocrx_word' id='word_1_127' title='bbox 284 1676 437 1740; x_wconf 87' lang='lat' dir='ltr'>carebunt</span> 
     </span>
    </p>

    <p class='ocr_par' dir='ltr' id='par_1_4' title="bbox 68 1764 1141 3092">
     <span class='ocr_line' id='line_1_18' title="bbox 158 1764 1084 1847; baseline 0 -21"><span class='ocrx_word' id='word_1_128' title='bbox 158 1766 226 1827; x_wconf 92' lang='lat' dir='ltr'>Non</span> <span class='ocrx_word' id='word_1_129' title='bbox 249 1769 393 1845; x_wconf 88' lang='lat' dir='ltr'>praeterit</span> <span class='ocrx_word' id='word_1_130' title='bbox 415 1785 462 1828; x_wconf 90' lang='lat' dir='ltr'>me</span> <span class='ocrx_word' id='word_1_131' title='bbox 481 1766 592 1827; x_wconf 91' lang='lat' dir='ltr'>habere</span> <span class='ocrx_word' id='word_1_132' title='bbox 611 1776 640 1828; x_wconf 92' lang='lat' dir='ltr'>te</span> <span class='ocrx_word' id='word_1_133' title='bbox 659 1766 823 1845; x_wconf 90' lang='lat' dir='ltr'>prudentes</span> <span class='ocrx_word' id='word_1_134' title='bbox 842 1764 998 1847; x_wconf 86' lang='lat' dir='ltr'>ocularios,</span> <span class='ocrx_word' id='word_1_135' title='bbox 1019 1767 1084 1845; x_wconf 90' lang='lat' dir='ltr'>qni-</span> 
     </span>
     <span class='ocr_line' id='line_1_19' title="bbox 68 1854 1088 1936; baseline 0 -20"><span class='ocrx_word' id='word_1_136' title='bbox 68 1854 128 1916; x_wconf 91' lang='lat' dir='ltr'>bus</span> <span class='ocrx_word' id='word_1_137' title='bbox 147 1857 174 1916; x_wconf 88' lang='lat' dir='ltr'>ei</span> <span class='ocrx_word' id='word_1_138' title='bbox 193 1857 313 1916; x_wconf 92' lang='lat' dir='ltr'>nomina</span> <span class='ocrx_word' id='word_1_139' title='bbox 332 1857 444 1916; x_wconf 84' lang='lat' dir='ltr'>dixeris</span> <span class='ocrx_word' id='word_1_140' title='bbox 463 1854 655 1935; x_wconf 81' lang='lat' dir='ltr'>collyriorum</span> <span class='ocrx_word' id='word_1_141' title='bbox 673 1856 705 1916; x_wconf 94' lang='lat' dir='ltr'>in</span> <span class='ocrx_word' id='word_1_142' title='bbox 724 1854 781 1915; x_wconf 93' lang='lat' dir='ltr'>hoe</span> <span class='ocrx_word' id='word_1_143' title='bbox 800 1854 876 1916; x_wconf 89' lang='lat' dir='ltr'>libro</span> <span class='ocrx_word' id='word_1_144' title='bbox 896 1858 1088 1936; x_wconf 89' lang='lat' dir='ltr'>scriptorum,</span> 
     </span>
     <span class='ocr_line' id='line_1_20' title="bbox 69 1942 1087 2025; baseline -0.001 -20"><span class='ocrx_word' id='word_1_145' title='bbox 69 1942 256 2005; x_wconf 86' lang='lat' dir='ltr'>contendent</span> <span class='ocrx_word' id='word_1_146' title='bbox 277 1944 378 2005; x_wconf 87' lang='lat' dir='ltr'>forsan</span> <span class='ocrx_word' id='word_1_147' title='bbox 402 1961 434 2004; x_wconf 91' lang='lat' dir='ltr'>se</span> <span class='ocrx_word' id='word_1_148' title='bbox 454 1962 574 2024; x_wconf 87' lang='lat' dir='ltr'>qnoque</span> <span class='ocrx_word' id='word_1_149' title='bbox 591 1943 702 2005; x_wconf 91' lang='lat' dir='ltr'>habere</span> <span class='ocrx_word' id='word_1_150' title='bbox 722 1943 826 2005; x_wconf 90' lang='lat' dir='ltr'>eadem</span> <span class='ocrx_word' id='word_1_151' title='bbox 845 1947 1010 2025; x_wconf 82' lang='lat' dir='ltr'>conposita3</span> <span class='ocrx_word' id='word_1_152' title='bbox 1034 1944 1087 2004; x_wconf 93' lang='lat' dir='ltr'>sed</span> 
     </span>
     <span class='ocr_line' id='line_1_21' title="bbox 69 2032 1141 2114; baseline 0 -20"><span class='ocrx_word' id='word_1_153' title='bbox 69 2034 96 2094; x_wconf 87' lang='lat' dir='ltr'>ai</span> <span class='ocrx_word' id='word_1_154' title='bbox 130 2033 265 2112; x_wconf 92' lang='lat' dir='ltr'>pondera</span> <span class='ocrx_word' id='word_1_155' title='bbox 292 2040 344 2094; x_wconf 90' lang='lat' dir='ltr'>aut</span> <span class='ocrx_word' id='word_1_156' title='bbox 371 2033 494 2094; x_wconf 82' lang='lat' dir='ltr'>allectus</span> <span class='ocrx_word' id='word_1_157' title='bbox 522 2050 684 2112; x_wconf 92' lang='lat' dir='ltr'>conparare</span> <span class='ocrx_word' id='word_1_158' title='bbox 712 2032 806 2114; x_wconf 87' lang='lat' dir='ltr'>voles,</span> <span class='ocrx_word' id='word_1_159' title='bbox 838 2033 925 2111; x_wconf 83' lang='lat' dir='ltr'>longe</span> <span class='ocrx_word' id='word_1_160' title='bbox 954 2033 1086 2093; x_wconf 80' lang='lat' dir='ltr'>diuersos</span> <span class='ocrx_word' id='word_1_161' title='bbox 1106 2046 1141 2094; x_wconf 78' lang='lat' dir='ltr'>ao</span> 
     </span>
     <span class='ocr_line' id='line_1_22' title="bbox 70 2120 1088 2202; baseline -0.002 -19"><span class='ocrx_word' id='word_1_162' title='bbox 70 2122 215 2183; x_wconf 81' lang='lat' dir='ltr'>invenies.</span> <span class='ocrx_word' id='word_1_163' title='bbox 257 2120 320 2201; x_wconf 79' lang='lat' dir='ltr'>Ego</span> <span class='ocrx_word' id='word_1_164' title='bbox 344 2123 424 2182; x_wconf 82' lang='lat' dir='ltr'>enIm</span> <span class='ocrx_word' id='word_1_165' title='bbox 447 2123 512 2202; x_wconf 90' lang='lat' dir='ltr'>ipsc</span> <span class='ocrx_word' id='word_1_166' title='bbox 536 2122 641 2182; x_wconf 92' lang='lat' dir='ltr'>eodem</span> <span class='ocrx_word' id='word_1_167' title='bbox 664 2123 784 2182; x_wconf 90' lang='lat' dir='ltr'>nomine</span> <span class='ocrx_word' id='word_1_168' title='bbox 807 2121 901 2182; x_wconf 90' lang='lat' dir='ltr'>multa</span> <span class='ocrx_word' id='word_1_169' title='bbox 925 2123 1088 2202; x_wconf 90' lang='lat' dir='ltr'>conposita,</span> 
     </span>
     <span class='ocr_line' id='line_1_23' title="bbox 69 2207 1086 2291; baseline -0.003 -20"><span class='ocrx_word' id='word_1_170' title='bbox 69 2228 131 2271; x_wconf 93' lang='lat' dir='ltr'>non</span> <span class='ocrx_word' id='word_1_171' title='bbox 155 2211 251 2271; x_wconf 89' lang='lat' dir='ltr'>isdem</span> <span class='ocrx_word' id='word_1_172' title='bbox 275 2210 457 2289; x_wconf 90' lang='lat' dir='ltr'>ponderibus</span> <span class='ocrx_word' id='word_1_173' title='bbox 481 2218 511 2271; x_wconf 88' lang='lat' dir='ltr'>et</span> <span class='ocrx_word' id='word_1_174' title='bbox 534 2210 634 2291; x_wconf 89' lang='lat' dir='ltr'>rebus,</span> <span class='ocrx_word' id='word_1_175' title='bbox 661 2210 812 2270; x_wconf 92' lang='lat' dir='ltr'>interdum</span> <span class='ocrx_word' id='word_1_176' title='bbox 835 2207 940 2289; x_wconf 92' lang='lat' dir='ltr'>habeo,</span> <span class='ocrx_word' id='word_1_177' title='bbox 964 2208 1016 2269; x_wconf 83' lang='lat' dir='ltr'>sed</span> <span class='ocrx_word' id='word_1_178' title='bbox 1039 2208 1086 2268; x_wconf 89' lang='lat' dir='ltr'>his</span> 
     </span>
     <span class='ocr_line' id='line_1_24' title="bbox 69 2297 1087 2378; baseline -0.003 -18"><span class='ocrx_word' id='word_1_179' title='bbox 69 2301 202 2360; x_wconf 87' lang='lat' dir='ltr'>maxime</span> <span class='ocrx_word' id='word_1_180' title='bbox 226 2298 360 2378; x_wconf 89' lang='lat' dir='ltr'>probatis</span> <span class='ocrx_word' id='word_1_181' title='bbox 383 2307 460 2360; x_wconf 89' lang='lat' dir='ltr'>utor.</span> <span class='ocrx_word' id='word_1_182' title='bbox 502 2297 563 2360; x_wconf 91' lang='lat' dir='ltr'>Nec</span> <span class='ocrx_word' id='word_1_183' title='bbox 587 2301 691 2377; x_wconf 80' lang='lat' dir='ltr'>utique</span> <span class='ocrx_word' id='word_1_184' title='bbox 715 2298 838 2359; x_wconf 88' lang='lat' dir='ltr'>adfirmo</span> <span class='ocrx_word' id='word_1_185' title='bbox 862 2314 921 2356; x_wconf 93' lang='lat' dir='ltr'>non</span> <span class='ocrx_word' id='word_1_186' title='bbox 945 2314 1033 2375; x_wconf 90' lang='lat' dir='ltr'>posse</span> <span class='ocrx_word' id='word_1_187' title='bbox 1057 2304 1087 2357; x_wconf 90' lang='lat' dir='ltr'>et</span> 
     </span>
     <span class='ocr_line' id='line_1_25' title="bbox 69 2384 1086 2469; baseline -0.002 -21"><span class='ocrx_word' id='word_1_188' title='bbox 69 2387 143 2449; x_wconf 89' lang='lat' dir='ltr'>alios</span> <span class='ocrx_word' id='word_1_189' title='bbox 162 2387 267 2449; x_wconf 91' lang='lat' dir='ltr'>eadem</span> <span class='ocrx_word' id='word_1_190' title='bbox 285 2386 409 2469; x_wconf 86' lang='lat' dir='ltr'>hahere;</span> <span class='ocrx_word' id='word_1_191' title='bbox 432 2405 499 2448; x_wconf 95' lang='lat' dir='ltr'>nam</span> <span class='ocrx_word' id='word_1_192' title='bbox 520 2395 550 2448; x_wconf 91' lang='lat' dir='ltr'>et</span> <span class='ocrx_word' id='word_1_193' title='bbox 571 2391 635 2467; x_wconf 93' lang='lat' dir='ltr'>ipse</span> <span class='ocrx_word' id='word_1_194' title='bbox 654 2386 690 2447; x_wconf 89' lang='lat' dir='ltr'>ab</span> <span class='ocrx_word' id='word_1_195' title='bbox 709 2387 774 2447; x_wconf 91' lang='lat' dir='ltr'>aliis</span> <span class='ocrx_word' id='word_1_196' title='bbox 794 2388 909 2467; x_wconf 90' lang='lat' dir='ltr'>accepi,</span> <span class='ocrx_word' id='word_1_197' title='bbox 933 2384 984 2446; x_wconf 89' lang='lat' dir='ltr'>sed</span> <span class='ocrx_word' id='word_1_198' title='bbox 1008 2403 1086 2446; x_wconf 88' lang='lat' dir='ltr'>raro.</span> 
     </span>
     <span class='ocr_line' id='line_1_26' title="bbox 70 2475 1141 2556; baseline -0.002 -18"><span class='ocrx_word' id='word_1_199' title='bbox 70 2475 139 2538; x_wconf 89' lang='lat' dir='ltr'>Scio</span> <span class='ocrx_word' id='word_1_200' title='bbox 159 2476 305 2556; x_wconf 89' lang='lat' dir='ltr'>quosdam</span> <span class='ocrx_word' id='word_1_201' title='bbox 324 2477 471 2539; x_wconf 88' lang='lat' dir='ltr'>ocularios</span> <span class='ocrx_word' id='word_1_202' title='bbox 495 2477 670 2556; x_wconf 82' lang='lat' dir='ltr'>simpIIciter</span> <span class='ocrx_word' id='word_1_203' title='bbox 693 2475 846 2536; x_wconf 86' lang='lat' dir='ltr'>tradentes</span> <span class='ocrx_word' id='word_1_204' title='bbox 865 2476 1086 2555; x_wconf 89' lang='lat' dir='ltr'>conpositiones</span> <span class='ocrx_word' id='word_1_205' title='bbox 1105 2486 1141 2536; x_wconf 77' lang='lat'>25</span> 
     </span>
     <span class='ocr_line' id='line_1_27' title="bbox 69 2564 1084 2648; baseline -0.001 -21"><span class='ocrx_word' id='word_1_206' title='bbox 69 2583 179 2645; x_wconf 87' lang='lat' dir='ltr'>meque</span> <span class='ocrx_word' id='word_1_207' title='bbox 208 2564 335 2627; x_wconf 90' lang='lat' dir='ltr'>multum</span> <span class='ocrx_word' id='word_1_208' title='bbox 364 2565 544 2648; x_wconf 85' lang='lat' dir='ltr'>elaborasse,</span> <span class='ocrx_word' id='word_1_209' title='bbox 573 2574 607 2626; x_wconf 93' lang='lat' dir='ltr'>ut</span> <span class='ocrx_word' id='word_1_210' title='bbox 629 2584 714 2626; x_wconf 87' lang='lat' dir='ltr'>veras</span> <span class='ocrx_word' id='word_1_211' title='bbox 739 2574 770 2626; x_wconf 91' lang='lat' dir='ltr'>et</span> <span class='ocrx_word' id='word_1_212' title='bbox 795 2567 986 2644; x_wconf 84' lang='lat' dir='ltr'>Incorruptas</span> <span class='ocrx_word' id='word_1_213' title='bbox 1010 2566 1084 2626; x_wconf 90' lang='lat' dir='ltr'>acci-</span> 
     </span>
     <span class='ocr_line' id='line_1_28' title="bbox 68 2654 1086 2736; baseline -0.001 -21"><span class='ocrx_word' id='word_1_214' title='bbox 68 2672 184 2736; x_wconf 91' lang='lat' dir='ltr'>perem,</span> <span class='ocrx_word' id='word_1_215' title='bbox 203 2656 342 2716; x_wconf 91' lang='lat' dir='ltr'>conscius</span> <span class='ocrx_word' id='word_1_216' title='bbox 361 2673 429 2716; x_wconf 90' lang='lat' dir='ltr'>sum</span> <span class='ocrx_word' id='word_1_217' title='bbox 447 2655 528 2714; x_wconf 92' lang='lat' dir='ltr'>mihi.</span> <span class='ocrx_word' id='word_1_218' title='bbox 558 2654 662 2734; x_wconf 87' lang='lat' dir='ltr'>Neque</span> <span class='ocrx_word' id='word_1_219' title='bbox 681 2654 755 2715; x_wconf 90' lang='lat' dir='ltr'>illud</span> <span class='ocrx_word' id='word_1_220' title='bbox 774 2672 880 2716; x_wconf 90' lang='lat' dir='ltr'>rursus</span> <span class='ocrx_word' id='word_1_221' title='bbox 899 2654 976 2736; x_wconf 95' lang='lat' dir='ltr'>dico,</span> <span class='ocrx_word' id='word_1_222' title='bbox 995 2671 1086 2714; x_wconf 89' lang='lat' dir='ltr'>novas</span> 
     </span>
     <span class='ocr_line' id='line_1_29' title="bbox 70 2739 1085 2824; baseline -0.004 -20"><span class='ocrx_word' id='word_1_223' title='bbox 70 2739 220 2823; x_wconf 85' lang='lat' dir='ltr'>(omnes)</span> <span class='ocrx_word' id='word_1_224' title='bbox 245 2752 274 2804; x_wconf 92' lang='lat' dir='ltr'>et</span> <span class='ocrx_word' id='word_1_225' title='bbox 298 2761 357 2804; x_wconf 94' lang='lat' dir='ltr'>non</span> <span class='ocrx_word' id='word_1_226' title='bbox 381 2741 529 2822; x_wconf 87' lang='lat' dir='ltr'>aliquibus</span> <span class='ocrx_word' id='word_1_227' title='bbox 553 2753 638 2804; x_wconf 91' lang='lat' dir='ltr'>notas</span> <span class='ocrx_word' id='word_1_228' title='bbox 662 2741 753 2824; x_wconf 86' lang='lat' dir='ltr'>&lt;me&gt;</span> <span class='ocrx_word' id='word_1_229' title='bbox 776 2746 807 2804; x_wconf 94' lang='lat' dir='ltr'>in</span> <span class='ocrx_word' id='word_1_230' title='bbox 834 2743 891 2803; x_wconf 93' lang='lat' dir='ltr'>hoc</span> <span class='ocrx_word' id='word_1_231' title='bbox 915 2741 991 2803; x_wconf 92' lang='lat' dir='ltr'>libro</span> <span class='ocrx_word' id='word_1_232' title='bbox 1015 2758 1085 2801; x_wconf 93' lang='lat' dir='ltr'>con-</span> 
     </span>
     <span class='ocr_line' id='line_1_30' title="bbox 69 2829 1084 2913; baseline -0.006 -20"><span class='ocrx_word' id='word_1_233' title='bbox 69 2840 229 2910; x_wconf 80' lang='lat' dir='ltr'>gesturum</span> <span class='ocrx_word' id='word_1_234' title='bbox 252 2834 488 2913; x_wconf 77' lang='lat' dir='ltr'>conpositioneS,</span> <span class='ocrx_word' id='word_1_235' title='bbox 513 2850 618 2893; x_wconf 82' lang='lat' dir='ltr'>verum</span> <span class='ocrx_word' id='word_1_236' title='bbox 641 2836 731 2894; x_wconf 92' lang='lat' dir='ltr'>etiam</span> <span class='ocrx_word' id='word_1_237' title='bbox 754 2831 896 2910; x_wconf 88' lang='lat' dir='ltr'>quasdam</span> <span class='ocrx_word' id='word_1_238' title='bbox 920 2829 1084 2906; x_wconf 80' lang='lat' dir='ltr'>divulgatae</span> 
     </span>
     <span class='ocr_line' id='line_1_31' title="bbox 69 2917 1138 3003; baseline -0.007 -22"><span class='ocrx_word' id='word_1_239' title='bbox 69 2929 113 3003; x_wconf 90' lang='lat' dir='ltr'>et,</span> <span class='ocrx_word' id='word_1_240' title='bbox 138 2929 172 2981; x_wconf 89' lang='lat' dir='ltr'>ut</span> <span class='ocrx_word' id='word_1_241' title='bbox 190 2922 232 2981; x_wconf 91' lang='lat' dir='ltr'>ita</span> <span class='ocrx_word' id='word_1_242' title='bbox 252 2920 357 3000; x_wconf 91' lang='lat' dir='ltr'>dicam,</span> <span class='ocrx_word' id='word_1_243' title='bbox 379 2919 558 2999; x_wconf 88' lang='lat' dir='ltr'>publicatas:</span> <span class='ocrx_word' id='word_1_244' title='bbox 583 2919 729 2982; x_wconf 93' lang='lat' dir='ltr'>eiusmodi</span> <span class='ocrx_word' id='word_1_245' title='bbox 748 2921 840 3000; x_wconf 92' lang='lat' dir='ltr'>enim,</span> <span class='ocrx_word' id='word_1_246' title='bbox 859 2919 929 2996; x_wconf 90' lang='lat' dir='ltr'>quia</span> <span class='ocrx_word' id='word_1_247' title='bbox 949 2917 1084 2976; x_wconf 87' lang='lat' dir='ltr'>efficaces</span> <span class='ocrx_word' id='word_1_248' title='bbox 1103 2928 1138 2976; x_wconf 84' lang='lat'>30</span> 
     </span>
     <span class='ocr_line' id='line_1_32' title="bbox 70 3007 794 3092; baseline -0.001 -23"><span class='ocrx_word' id='word_1_249' title='bbox 70 3017 151 3092; x_wconf 90' lang='lat' dir='ltr'>sunt,</span> <span class='ocrx_word' id='word_1_250' title='bbox 176 3010 264 3069; x_wconf 92' lang='lat' dir='ltr'>etiam</span> <span class='ocrx_word' id='word_1_251' title='bbox 287 3007 425 3089; x_wconf 92' lang='lat' dir='ltr'>pluribus</span> <span class='ocrx_word' id='word_1_252' title='bbox 448 3011 478 3068; x_wconf 95' lang='lat' dir='ltr'>in</span> <span class='ocrx_word' id='word_1_253' title='bbox 503 3011 638 3071; x_wconf 93' lang='lat' dir='ltr'>notitiam</span> <span class='ocrx_word' id='word_1_254' title='bbox 664 3009 794 3070; x_wconf 86' lang='lat' dir='ltr'>veniunt.</span> 
     </span>
    </p>
   </div>
   <div class='ocr_carea' id='block_1_3' title="bbox 69 3189 1085 3620">
    <p class='ocr_par' dir='ltr' id='par_1_5' title="bbox 69 3189 1085 3620">
     <span class='ocr_line' id='line_1_33' title="bbox 142 3189 1084 3262; baseline -0.002 -13"><span class='ocrx_word' id='word_1_255' title='bbox 142 3195 313 3252; x_wconf 83' lang='lat' dir='ltr'>laddueere</span> <span class='ocrx_word' id='word_1_256' title='bbox 328 3196 369 3251; x_wconf 83' lang='lat' dir='ltr'><strong>M.</strong></span> <span class='ocrx_word' id='word_1_257' title='bbox 411 3197 590 3252; x_wconf 54' lang='lat' dir='ltr'>¹ueressius</span> <span class='ocrx_word' id='word_1_258' title='bbox 605 3196 649 3251; x_wconf 88' lang='grc' dir='ltr'>Μ.</span> <span class='ocrx_word' id='word_1_259' title='bbox 714 3194 794 3262; x_wconf 78' lang='lat' dir='ltr'>5Hy</span> <span class='ocrx_word' id='word_1_260' title='bbox 828 3210 846 3247; x_wconf 80' lang='lat' dir='ltr'>a</span> <span class='ocrx_word' id='word_1_261' title='bbox 863 3193 900 3248; x_wconf 85' lang='lat' dir='ltr'>ad</span> <span class='ocrx_word' id='word_1_262' title='bbox 918 3189 1084 3247; x_wconf 83' lang='lat' dir='ltr'>suffusiones</span> 
     </span>
     <span class='ocr_line' id='line_1_34' title="bbox 69 3261 1083 3336; baseline -0.005 -14"><span class='ocrx_word' id='word_1_263' title='bbox 69 3266 97 3322; x_wconf 80' lang='lat' dir='ltr'><strong><em>R</em></strong></span> <span class='ocrx_word' id='word_1_264' title='bbox 119 3267 212 3336; x_wconf 78' lang='lat' dir='ltr'>hygrc</span> <span class='ocrx_word' id='word_1_265' title='bbox 234 3283 285 3323; x_wconf 79' lang='lat' dir='ltr'>orn.</span> <span class='ocrx_word' id='word_1_266' title='bbox 304 3268 346 3323; x_wconf 83' lang='lat' dir='ltr'><strong>M.</strong></span> <span class='ocrx_word' id='word_1_267' title='bbox 419 3268 552 3322; x_wconf 84' lang='lat' dir='ltr'>8viridis</span> <span class='ocrx_word' id='word_1_268' title='bbox 571 3282 626 3336; x_wconf 86' lang='lat' dir='ltr'>pro</span> <span class='ocrx_word' id='word_1_269' title='bbox 645 3266 747 3322; x_wconf 81' lang='lat' dir='ltr'>veleris</span> <span class='ocrx_word' id='word_1_270' title='bbox 805 3307 811 3320; x_wconf 98' lang='lat'><strong>.</strong></span> <span class='ocrx_word' id='word_1_271' title='bbox 884 3261 1020 3334; x_wconf 88' lang='lat' dir='ltr'>euphorbi</span> <span class='ocrx_word' id='word_1_272' title='bbox 1043 3263 1083 3317; x_wconf 84' lang='lat' dir='ltr'>L:</span> 
     </span>
     <span class='ocr_line' id='line_1_35' title="bbox 69 3333 1085 3407; baseline -0.007 -14"><span class='ocrx_word' id='word_1_273' title='bbox 69 3337 192 3393; x_wconf 84' lang='lat' dir='ltr'>euforbii</span> <span class='ocrx_word' id='word_1_274' title='bbox 209 3337 246 3394; x_wconf 83' lang='lat' dir='ltr'><strong>R.</strong></span> <span class='ocrx_word' id='word_1_275' title='bbox 321 3344 353 3393; x_wconf 90' lang='lat'>11</span> <span class='ocrx_word' id='word_1_276' title='bbox 373 3355 485 3394; x_wconf 87' lang='lat' dir='ltr'>umores</span> <span class='ocrx_word' id='word_1_277' title='bbox 502 3339 538 3395; x_wconf 88' lang='lat' dir='ltr'>L.</span> <span class='ocrx_word' id='word_1_278' title='bbox 606 3343 639 3391; x_wconf 78' lang='lat' dir='ltr'>tn</span> <span class='ocrx_word' id='word_1_279' title='bbox 659 3336 835 3407; x_wconf 81' lang='lat' dir='ltr'>gravidinem</span> <span class='ocrx_word' id='word_1_280' title='bbox 852 3335 886 3391; x_wconf 91' lang='lat' dir='ltr'><strong>L.</strong></span> <span class='ocrx_word' id='word_1_281' title='bbox 954 3333 1036 3404; x_wconf 82' lang='lat' dir='ltr'>item]</span> <span class='ocrx_word' id='word_1_282' title='bbox 1056 3335 1085 3387; x_wconf 81' lang='lat' dir='ltr'>et</span> 
     </span>
     <span class='ocr_line' id='line_1_36' title="bbox 73 3403 1083 3480; baseline -0.006 -16"><span class='ocrx_word' id='word_1_283' title='bbox 73 3408 112 3464; x_wconf 79' lang='grc' dir='ltr'>Μ.</span> <span class='ocrx_word' id='word_1_284' title='bbox 183 3415 218 3464; x_wconf 84' lang='grc'>14</span> <span class='ocrx_word' id='word_1_285' title='bbox 235 3426 269 3465; x_wconf 93' lang='lat' dir='ltr'>eo</span> <span class='ocrx_word' id='word_1_286' title='bbox 287 3410 441 3480; x_wconf 84' lang='lat' dir='ltr'>inunguere</span> <span class='ocrx_word' id='word_1_287' title='bbox 455 3410 490 3464; x_wconf 93' lang='lat' dir='ltr'><strong>L.</strong></span> <span class='ocrx_word' id='word_1_288' title='bbox 561 3413 593 3463; x_wconf 87' lang='grc'>19</span> <span class='ocrx_word' id='word_1_289' title='bbox 608 3406 781 3464; x_wconf 83' lang='lat' dir='ltr'>contendent</span> <span class='ocrx_word' id='word_1_290' title='bbox 796 3408 844 3462; x_wconf 87' lang='lat' dir='ltr'>M:</span> <span class='ocrx_word' id='word_1_291' title='bbox 862 3405 1034 3462; x_wconf 76' lang='lat' dir='ltr'>contendant</span> <span class='ocrx_word' id='word_1_292' title='bbox 1047 3403 1083 3459; x_wconf 85' lang='lat' dir='ltr'><strong>R.</strong></span> 
     </span>
     <span class='ocr_line' id='line_1_37' title="bbox 70 3475 1084 3551; baseline -0.005 -17"><span class='ocrx_word' id='word_1_293' title='bbox 70 3484 104 3534; x_wconf 72' lang='lat'>20</span> <span class='ocrx_word' id='word_1_294' title='bbox 123 3496 278 3551; x_wconf 82' lang='lat' dir='ltr'>conparare</span> <span class='ocrx_word' id='word_1_295' title='bbox 297 3481 339 3535; x_wconf 84' lang='lat' dir='ltr'>L:</span> <span class='ocrx_word' id='word_1_296' title='bbox 362 3498 452 3551; x_wconf 91' lang='lat' dir='ltr'>comp.</span> <span class='ocrx_word' id='word_1_297' title='bbox 470 3479 506 3535; x_wconf 84' lang='lat' dir='ltr'><strong>R.</strong></span> <span class='ocrx_word' id='word_1_298' title='bbox 579 3477 729 3534; x_wconf 70' lang='lat' dir='ltr'>triadem</span> <span class='ocrx_word' id='word_1_299' title='bbox 750 3479 789 3534; x_wconf 88' lang='lat' dir='ltr'>L:</span> <span class='ocrx_word' id='word_1_300' title='bbox 818 3476 917 3534; x_wconf 85' lang='lat' dir='ltr'>iisdem</span> <span class='ocrx_word' id='word_1_301' title='bbox 939 3475 976 3533; x_wconf 84' lang='lat' dir='ltr'><strong>R.</strong></span> <span class='ocrx_word' id='word_1_302' title='bbox 1049 3480 1084 3530; x_wconf 78' lang='lat'>25</span> 
     </span>
     <span class='ocr_line' id='line_1_38' title="bbox 70 3546 1082 3620; baseline -0.005 -15"><span class='ocrx_word' id='word_1_303' title='bbox 70 3551 183 3607; x_wconf 81' lang='lat' dir='ltr'>tradere</span> <span class='ocrx_word' id='word_1_304' title='bbox 198 3552 240 3605; x_wconf 86' lang='lat' dir='ltr'><strong>M.</strong></span> <span class='ocrx_word' id='word_1_305' title='bbox 287 3557 322 3607; x_wconf 77' lang='lat'>28</span> <span class='ocrx_word' id='word_1_306' title='bbox 337 3568 433 3607; x_wconf 88' lang='lat' dir='ltr'>omnes</span> <span class='ocrx_word' id='word_1_307' title='bbox 447 3567 480 3607; x_wconf 75' lang='lat' dir='ltr'>eac</span> <span class='ocrx_word' id='word_1_308' title='bbox 491 3551 528 3606; x_wconf 84' lang='lat' dir='ltr'><em>M</em></span> <span class='ocrx_word' id='word_1_309' title='bbox 539 3551 637 3620; x_wconf 77' lang='lat' dir='ltr'>recepr&#39;,</span> <span class='ocrx_word' id='word_1_310' title='bbox 650 3550 714 3606; x_wconf 83' lang='lat' dir='ltr'>item</span> <span class='ocrx_word' id='word_1_311' title='bbox 728 3565 780 3604; x_wconf 91' lang='lat' dir='ltr'>me.</span> <span class='ocrx_word' id='word_1_312' title='bbox 828 3554 862 3604; x_wconf 82' lang='lat'>30</span> <span class='ocrx_word' id='word_1_313' title='bbox 875 3546 1036 3620; x_wconf 77' lang='lat' dir='ltr'>puplicatos</span> <span class='ocrx_word' id='word_1_314' title='bbox 1049 3548 1082 3601; x_wconf 90' lang='lat' dir='ltr'><strong>L.</strong></span> 
     </span>
    </p>
   </div>
   <div class='ocr_carea' id='block_1_4' title="bbox 885 3637 923 3692">
    <p class='ocr_par' dir='ltr' id='par_1_6' title="bbox 885 3637 923 3692">
     <span class='ocr_line' id='line_1_39' title="bbox 885 3637 923 3692; baseline 0 -21"><span class='ocrx_word' id='word_1_315' title='bbox 885 3637 923 3692; x_wconf 49' lang='grc' dir='ltr'>ᾗ*</span> 
     </span>
    </p>
   </div>
   <div class='ocr_carea' id='block_1_5' title="bbox 1165 3580 1176 3681">
    <p class='ocr_par' dir='ltr' id='par_1_7' title="bbox 1165 3580 1176 3681">
     <span class='ocr_line' id='line_1_40' title="bbox 1165 3580 1176 3681; baseline 0 -10"><span class='ocrx_word' id='word_1_316' title='bbox 1165 3580 1176 3681; x_wconf 78' lang='lat' dir='ltr'>l]</span> 
     </span>
    </p>
   </div>
   <div class='ocr_carea' id='block_1_6' title="bbox 0 0 1204 3922">
    <p class='ocr_par' dir='ltr' id='par_1_8' title="bbox 0 0 1204 3922">
     <span class='ocr_line' id='line_1_41' title="bbox 0 0 1204 3922; baseline 0 0"><span class='ocrx_word' id='word_1_317' title='bbox 0 0 1204 3922; x_wconf 95' lang='lat' dir='ltr'> </span> 
     </span>
    </p>
   </div>
  </div>
 </body>
</html>
