2400 3922
122 161 167 226 46
431 158 506 220 xix.
532 154 687 228 Hippolyto
705 155 827 213 Eatemi.
946 167 949 173 “

123 319 230 386 studia
252 319 455 384 sommendat
478 318 694 405 eloquentiae,
717 319 752 383 in
775 318 897 403 quibus
920 340 982 405 ego
1008 341 1073 403 per
1095 323 1147 385 tot

123 431 238 495 annos,
268 407 394 474 utinam
424 430 498 474 oum
526 408 635 493 aliqua
663 407 771 493 laude,
800 429 920 494 magno
952 411 1043 473 oarte
1074 430 1149 474 oum

122 498 235 562 labore
262 518 388 581 uersor,
416 498 617 562 commendat
644 494 754 581 simul,
782 495 893 579 paullo
919 499 1036 561 tamen
1059 517 1148 562 uere

124 585 275 672 mundius,
305 585 476 669 seipsum
503 589 536 649 et
563 584 694 671 uigilias
721 606 823 667 meas,
851 606 990 668 quarum
1018 585 1147 650 fruetus

97 675 205 742 1111111
229 676 292 740 erit
320 674 502 739 uberrimus
530 677 600 737 tum
628 672 857 737 beneuolentiae
883 677 956 737 tum
985 671 1146 739 iudicium

125 770 226 829 tuum.
280 761 430 840 Quaesiui
469 760 600 825 omnino
637 761 735 845 idque
769 760 853 828 111111
889 761 1036 846 primum
1073 761 1144 847 fuit,

125 850 327 936 posteritatis
363 848 552 934 utilitatem,
588 849 676 933 quod
709 853 759 914 est
791 849 964 933 proprium
999 849 1144 915 familiae

124 944 265 1021 nostrae3
298 937 354 1002 sed
382 936 418 1002 in
447 940 481 1001 te
511 936 621 1021 ipsum
653 937 762 1024 simul,
794 960 868 1003 oum
899 937 977 1004 huie
1010 959 1143 1022 operam

125 1025 354 1094 commentario
378 1025 500 1108 darem,
527 1026 681 1110 spectaui.
726 1030 763 1090 tu
786 1026 814 1091 si
836 1026 960 1109 probas
982 1048 1035 1112 ea,
1062 1046 1143 1111 quae

71 1144 98 1183 ιο
124 1114 243 1180 litteris
255 1114 458 1200 mandamus3
477 1114 504 1179 si
519 1116 609 1180 faues
623 1115 799 1180 industriae
813 1115 1003 1199 optimeque
1021 1119 1058 1181 te
1075 1135 1141 1180 1111

125 1203 303 1269 animatum
331 1225 408 1290 erga
435 1225 507 1267 mea
534 1203 642 1269 studia
669 1203 845 1290 significas:
875 1225 937 1289 ego
965 1225 1032 1287 me,
1062 1223 1141 1287 quae

126 1313 251 1357 summa
278 1296 368 1378 sunt,
396 1291 504 1357 omnia
532 1295 740 1358 consecutum
767 1291 902 1375 putabo.
939 1289 1140 1373 [MDLVR]

526 1568 738 1576 --.—-—-·

591 1802 676 1868 XIX.

124 1942 343 2026 Hippolyto
370 1943 528 2008 Estensi
558 1942 755 2007 Cardinali
782 1942 1000 2008 Ferrariam
1026 1944 1140 2028 (111,1).

86 2119 113 2161 15
215 2083 319 2149 Valde
337 2105 389 2149 me
407 2082 530 2149 leuauit
548 2083 584 2149 in
600 2084 662 2148 heo
675 2104 747 2148 mea
765 2083 844 2149 satis
863 2084 1009 2171 grauiter
1027 2084 1141 2149 affecta

127 2173 311 2240 ualetudine
335 2172 473 2239 oratoris
492 2173 604 2259 uestri,
620 2171 813 2257 Hieronymi
831 2172 945 2257 Faleti,
969 2172 1033 2237 uiri
1051 2193 1139 2258 prae

127 2264 253 2347 stantis,
277 2263 389 2328 oratio.
430 2263 485 2348 qui
507 2285 582 2329 oum
605 2285 784 2328 sermonem
806 2261 888 2326 mihi
905 2260 1074 2327 Ferrariae
1096 2264 1139 2329 11.

127 2373 200 2416 oum
213 2351 364 2416 habitum
378 2352 583 2435 exposuisset
596 2352 772 2436 multaque,
789 2354 828 2415 ut
842 2349 934 2436 solet,
952 2349 991 2414 de
1006 2347 1138 2436 ingenio

126 2443 183 2502 tuo
207 2437 378 2524 singulari,
401 2438 440 2503 de
467 2460 592 2504 summa
619 2439 780 2524 grauitate
803 2459 840 2502 ao
868 2437 1043 2523 sapientia,
1064 2459 1141 2503 non·

86 2554 112 2594 ao
125 2526 216 2590 nulla
230 2525 328 2590 etiam
342 2525 381 2589 de
395 2530 452 2590 tua
464 2545 668 2610 nequaquam
681 2547 701 2589 1
714 2545 776 2610 me,
794 2530 832 2591 ut
846 2526 1019 2610 audieram,
1037 2525 1142 2592 aliena

127 2613 295 2678 uoluntate
323 2617 498 2698 narrasset,
530 2611 603 2695 oepi
632 2611 805 2698 laetitiam,
837 2619 993 2698 quantam
1021 2613 1141 2699 aliquis

127 2724 166 2766 ex
190 2701 355 2785 insperata
377 2704 595 2785 exoptatoque
622 2723 657 2765 re
686 2722 801 2785 capere
828 2703 1004 2768 maximam
1026 2702 1140 2788 possit,
1168 2732 1172 2741 ·

125 2811 277 2875 measque
301 2789 412 2855 statim
435 2810 505 2854 esse
532 2793 642 2872 partes
664 2789 757 2876 duxi,
783 2795 821 2856 ut
844 2790 885 2855 ad
907 2796 940 2857 te
964 2791 1140 2857 scriberem
1169 2816 1174 2847 .-

126 2900 319 2967 ageremque
337 2878 468 2964 gratias,
491 2878 578 2961 quod
595 2877 630 2942 in
649 2901 686 2944 eo
704 2878 786 2966 loeo,
804 2880 889 2946 unde
907 2901 958 2944 me
977 2879 1140 2964 depellere
1170 2894 1174 2901 ·

87 2969 464 3050 1111111111111111111,
491 2969 548 3031 tua
574 2989 626 3032 me
653 2968 808 3035 retineret
835 2967 1028 3035 humanitas.
1075 2987 1140 3052 quo
1175 3012 1183 3045 a

128 3079 204 3123 sane
227 3056 307 3122 mihi
329 3054 412 3120 nihil
435 3054 593 3142 optatius,
619 3057 704 3123 nihil
725 3059 787 3123 hoo
809 3061 969 3142 tempore,
996 3077 1072 3123 oum
1094 3056 1140 3121 in-
1177 3058 1183 3137 ’,ι

126 3145 239 3209 firmus
260 3145 413 3231 languea,
442 3145 483 3209 ad
509 3146 653 3213 animum
679 3168 787 3211 meum
814 3144 1061 3210 sustentandum
1084 3166 1140 3229 op·
1180 3140 1183 3163 ²

127 3232 299 3314 portunius
322 3233 431 3316 potuit
454 3233 605 3300 aooidere.
650 3239 748 3318 atque
775 3231 924 3316 equidem
950 3232 998 3298 ita
1021 3237 1141 3317 statuo,

127 3323 236 3384 aetum
266 3342 334 3385 1111
364 3344 492 3387 meeum
521 3323 636 3388 misere
666 3342 800 3407 prorsus
829 3324 927 3404 atque
957 3320 1141 3406 infeliciter,

87 3408 214 3493 eoquod
240 3430 346 3474 meam
372 3411 414 3475 ad
440 3416 472 3476 te
500 3409 650 3477 ueniendi
678 3408 888 3491 cupiditatem
915 3408 1140 3475 incredibilem

124 3497 313 3582 pestilentia
342 3498 497 3587 primum,
527 3499 640 3564 deinde
669 3497 804 3562 morbus
831 3495 1016 3580 impedierit
1044 3502 1077 3563 et
1105 3498 1140 3563 iu
