2400 3922
530 95 731 158 ..4-

120 262 270 321 rationum
290 257 475 340 inscribitur,
489 257 643 319 contendit
656 256 778 317 ultimae
793 257 885 316 sortis
899 273 966 316 csse
980 254 1129 334 medicum,

121 351 173 427 qui
197 366 257 408 non
281 348 317 408 ad
341 346 457 426 singula
480 364 615 425 quaeque
635 347 707 406 vitia
730 344 817 405 binas
840 352 979 405 ternasve
1002 345 1129 422 conposi-

121 440 219 498 tiones
248 445 385 517 expertas
414 442 444 496 et
470 437 608 515 protinus
636 441 754 513 paratas
782 431 899 494 habeat.
940 431 1030 492 Vides
1058 449 1130 511 ergo,

123 544 212 604 quam
240 544 300 586 non
328 525 442 605 placeat
464 522 632 601 Asclepiadi
659 540 733 582 usus
761 522 1062 602 medicamentorum,
1087 522 1130 580 cui

87 627 104 674 s
123 615 182 675 nisi
205 614 291 693 plura
314 616 381 692 quis
404 612 440 672 ad
465 612 603 691 quodque
627 628 722 690 genus
740 612 806 671 vitii
828 611 1048 671 medicamenta
1069 627 1130 670 con·

122 705 219 783 posita
242 701 362 780 habeat,
386 719 445 761 non
468 700 586 760 videtur
609 699 717 778 dignus
740 699 929 778 professione
952 693 1131 759 medicinae?

124 791 183 851 Sed
206 792 262 851 ista
290 790 409 850 licentia
437 790 556 849 nomine
579 787 784 849 tantummodo
808 787 996 849 medicorum
1018 793 1132 866 propter

123 878 310 958 quorundam
334 877 550 956 neglegentiam
574 876 662 938 latius
685 878 841 955 processit.
882 875 963 936 Raro
988 877 1067 936 enim
1088 873 1131 934 ali·

123 968 190 1044 quis
209 967 383 1044 priusquam
403 983 435 1025 se
455 983 586 1044 suosque
605 965 703 1025 tradat
721 964 846 1044 medico,
868 963 1032 1043 diligenter
1049 964 1084 1025 de
1101 980 1132 1024 eo

70 1067 103 1116 10
122 1054 247 1134 iudicat,
267 1072 335 1114 cum
354 1055 475 1113 interim
495 1072 582 1114 nemo
597 1071 635 1114 ne
650 1054 808 1131 imaginem
823 1052 946 1132 quidem
961 1071 1048 1114 suam
1060 1069 1132 1113 com·

122 1144 220 1203 mittat
245 1142 424 1221 pingendam
448 1144 506 1203 nisi
529 1141 653 1221 probato
676 1143 761 1221 prius
785 1142 893 1202 artifici
915 1160 973 1221 per
997 1141 1133 1222 quaedam

123 1232 326 1310 experimenta
350 1238 439 1310 atque
462 1233 501 1291 ita
526 1230 628 1291 electo.
675 1229 792 1290 Habent
814 1231 916 1308 itaque
939 1248 1047 1291 omnes
1069 1246 1133 1310 pon·

123 1320 195 1381 dera
223 1328 311 1398 atque
340 1338 495 1380 mensuras
523 1327 653 1399 exactas,
682 1337 720 1379 ne
746 1319 818 1397 quid
847 1320 961 1379 erroris
990 1320 1022 1378 in
1051 1318 1134 1379 rebus

124 1427 185 1468 non
212 1410 390 1469 necessariis
419 1408 545 1469 accidat:
573 1407 711 1468 videlicet
733 1409 802 1485 quia
831 1414 902 1468 sunt
926 1407 1062 1488 quidam,
1089 1407 1136 1486 qui

73 1509 106 1558 15
124 1496 220 1576 pluris
243 1499 342 1557 omnia
366 1515 455 1576 quam
478 1514 510 1557 se
533 1498 615 1575 ipsos
635 1497 800 1556 aestimant.
837 1495 942 1573 ltaque
961 1495 1078 1556 sublata
1096 1501 1136 1555 est

126 1584 266 1646 studendi
285 1587 393 1664 cuique
413 1587 574 1645 necessitas
591 1592 621 1645 et
640 1602 699 1644 non
719 1583 816 1644 solum
834 1585 975 1663 antiquos
995 1592 1136 1661 auctores,

125 1691 180 1752 per
208 1693 283 1753 quos
311 1681 535 1734 consummatur
562 1672 722 1753 professio,
752 1671 872 1751 quidam
903 1674 1059 1754 ignorant,
1090 1670 1136 1733 sed

126 1763 213 1821 etiam
238 1763 423 1821 comminisci
447 1761 518 1821 falsa
541 1761 578 1821 de
601 1763 639 1820 iis
662 1761 783 1821 audent.
821 1759 879 1821 Ubi
902 1763 983 1822 enim
1008 1761 1137 1822 delectus

124 1866 185 1908 non
209 1857 254 1908 est
277 1865 487 1928 personarum,
510 1848 562 1908 sed
587 1847 692 1908 eodem
715 1867 841 1909 numero
865 1848 961 1910 malus
984 1848 1137 1929 bonusque

72 1948 106 1997 20
124 1935 261 2018 habetur,
284 1932 479 2016 <disciplinae
504 1955 537 1996 ac
562 1945 661 1997 sectae
684 1936 852 1998 observatio
875 1934 977 2017 perit>
996 1923 1137 2018 'qrrodque

126 2027 191 2086 sine
214 2025 315 2086 labore
338 2033 437 2104 potest
460 2028 633 2104 contingere
656 2025 795 2104 idemque
815 2025 968 2104 dignitatis
992 2026 1138 2088 utilitatis-

127 2133 185 2194 que
214 2123 365 2195 praestare
393 2115 512 2176 videtur
537 2133 639 2197 posse,
666 2133 744 2175 unus
768 2116 895 2193 quisque
918 2114 950 2175 id
978 2117 1075 2193 magis
1098 2133 1139 2176 se·

128 2208 239 2283 quitur.
277 2205 326 2266 Sic
346 2207 525 2284 utquisque
544 2205 634 2286 volet,
658 2204 746 2264 faciet
768 2203 954 2264 medicinam.
991 2201 1140 2273 Quosdam

128 2296 208 2354 enim
231 2313 247 2353 a
270 2312 410 2373 perverso
438 2296 591 2373 proposito
620 2311 707 2353 nemo
735 2299 834 2370 potest
862 2309 983 2351 movere
1012 2301 1044 2352 et
1073 2309 1141 2352 sane

74 2391 108 2440 25
128 2380 267 2441 omnibus
281 2383 417 2460 permisit
433 2380 561 2441 liberum
575 2381 732 2441 arbitrium
751 2380 923 2459 magnitudo
936 2380 1141 2459 professionis.

127 2466 236 2527 Multos
254 2471 355 2547 itaque
374 2467 634 2528 animadvertimus
654 2471 742 2528 unius
761 2471 855 2546 partis
874 2469 999 2529 sanandi
1017 2471 1141 2531 scientia

128 2553 237 2615 medici
260 2555 380 2633 plenum
404 2572 512 2614 nomen
535 2563 721 2615 consecutos.

217 2642 277 2703 Nos
306 2660 376 2702 vcro
405 2640 441 2701 ab
469 2643 554 2701 initio
582 2650 693 2703 rectam
720 2646 797 2704 viam
825 2647 922 2706 secuti
953 2645 1030 2706 nihil
1058 2649 1143 2726 prius

129 2817 221 2870 ebron.
241 2813 281 2882 ll,
301 2820 343 2880 13,
364 2817 427 2866 186:
449 2811 630 2883 Asclepiades
649 2815 796 2885 adipsum
816 2816 939 2872 scribens
956 2815 1045 2872 libros
1062 2833 1143 2886 pera-

130 2886 307 2941 seeuasticos.
366 2890 382 2937 2
402 2884 609 2954 conpositiones
622 2887 650 2940 L
664 2889 835 2958 plerumque:
855 2904 945 2957 comp.
959 2886 996 2942 Β.
1062 2893 1078 2941 3
1098 2903 1144 2940 ex·

52 3024 54 3029 y
129 2957 274 3027 perisset
294 2954 422 3023 protinus
445 2956 558 3024 scripsi:
582 2959 611 3011 et
631 2960 759 3026 expertas
783 2958 910 3028 protinus
927 2958 956 3012 R
979 2959 1010 3012 et
1032 2973 1096 3028 exp.
1114 2959 1145 3014 et

129 3044 171 3095 pr.
191 3029 234 3081 M.
296 3031 328 3080 10
346 3025 460 3080 interim
479 3043 529 3081 om.
549 3029 590 3083 M.
652 3034 683 3083 11
704 3029 805 3085 artifici
825 3031 872 3083 M:
892 3028 998 3084 artifice
1017 3029 1053 3084 R.
1109 3035 1143 3083 12

129 3096 308 3164 habeantque
326 3113 382 3166 pro
399 3097 506 3152 babent
523 3098 622 3167 itaque
639 3100 674 3156 L.
747 3116 852 3166 omnes,
870 3116 928 3155 noa
946 3100 1042 3156 omnia
1061 3117 1144 3170 prae·

128 3171 184 3220 stou
201 3167 237 3222 L.
312 3173 346 3221 14
368 3183 425 3221 non
446 3185 496 3223 om.
516 3170 557 3225 M
633 3175 665 3224 15
685 3170 741 3224 alia
761 3186 814 3238 pro
832 3171 927 3224 omnia
946 3172 987 3227 M.
1061 3173 1144 3227 aesti-

129 3241 208 3292 ment
225 3238 267 3292 M.
347 3243 379 3292 18
404 3239 439 3293 de
461 3239 496 3294 iis
519 3241 630 3309 scropeiz
655 3239 709 3294 diis
731 3240 761 3306 (h
784 3242 876 3295 littera
898 3243 1098 3312 superscripta)
1116 3241 1143 3297 L

129 3308 164 3361 de
183 3309 227 3362 his
245 3309 281 3363 R.
355 3315 389 3364 20
409 3310 576 3380 disciplinae
596 3326 628 3365 ao
647 3311 740 3364 sectae
759 3311 919 3366 observatio
937 3313 1014 3380 perit
1037 3330 1089 3369 ora.
1107 3313 1143 3380 it,

129 3379 229 3433 addidi
247 3396 260 3433 e
280 3381 324 3433 M.
388 3381 520 3450 quodque
536 3383 583 3435 M:
602 3381 678 3450 quod
695 3380 730 3434 R.
793 3386 826 3435 22
846 3381 876 3435 id
893 3383 1088 3456 unusquisqne
1102 3385 1142 3441 Μ.

130 3454 164 3503 26
183 3452 326 3506 sanandae
345 3451 434 3507 Rbod.
