2400 3922
530 96 729 160 „2-

120 266 174 326 Est
197 265 277 324 enim
300 263 375 323 haec
398 279 468 341 pars
491 259 657 320 medicinae
680 265 715 318 nt
739 259 865 317 maxime
889 257 1067 336 necessaria,
1091 258 1126 317 ita

121 361 203 415 certe
227 352 435 430 antiquissima
459 357 489 410 et
512 347 551 408 ob
574 347 631 408 hoc
654 349 785 425 primum
810 344 958 406 celebrata
981 354 1068 423 atque
1089 347 1125 404 in·

121 443 256 518 lustrata,
280 440 428 519 siquidem
447 455 551 498 verum
573 444 618 496 est
642 437 781 514 antiquos
805 433 907 494 herbis
930 451 964 494 ac
987 433 1127 494 radicibus

123 548 226 592 earum
250 530 385 607 corporis
408 529 477 587 vitia
501 542 636 604 curasse,
659 525 728 602 quia
751 523 891 584 timidum
914 540 1008 602 genus
1030 530 1126 582 morta·

87 631 103 681 ιι
124 619 196 680 lium
216 620 294 678 inter
312 617 397 677 initia
415 633 475 675 non
494 612 579 674 facile
599 631 630 673 se
649 613 730 672 ferro
746 607 913 692 <ignique>
928 609 1126 671 committebat

124 706 210 778 Quod
239 707 327 766 etiam
357 720 437 764 nunc
464 702 599 781 plerique
628 701 754 780 faciunt,
782 718 820 760 ne
844 699 942 760 dicam
965 717 1078 774 omnes,
1102 706 1127 759 et

124 797 182 856 nisi
207 811 311 870 magna
334 790 470 869 conpulsi
495 791 673 851 necessitate
697 806 810 867 speque
834 789 930 866 ipsius
955 787 1056 848 salutis
1076 805 1127 848 non

123 884 277 963 patiuntur
306 879 364 940 sibi
391 879 469 958 fieri,
498 896 574 956 quae
603 896 673 937 sane
696 879 745 937 vix
773 884 845 938 sunt
871 877 1034 937 toleranda.
1077 875 1128 937 Cur

124 987 194 1048 ergo
210 967 302 1046 aliqui
316 966 475 1027 excludant
493 967 671 1027 medicinam
686 984 744 1027 usu
762 965 1062 1047 medicamentorum,
1078 981 1129 1024 non

71 1072 104 1122 10
123 1058 250 1136 invenio,
278 1056 337 1115 nisi
358 1062 394 1114 ut
416 1054 557 1133 detegant
584 1053 804 1133 inprudentiam
828 1072 921 1114 suam.
972 1053 1040 1115 Sive
1061 1054 1131 1114 enirn

123 1144 238 1206 nullum
267 1145 504 1223 experimentum
538 1144 603 1204 eius
636 1145 754 1220 generis
787 1142 992 1204 remediorum
1024 1141 1131 1220 habent,

124 1236 231 1295 merito
254 1231 413 1294 accusandi
437 1238 508 1293 sunt
512 1231 628 1313 ,quod
652 1241 712 1293 tam
734 1231 961 1310 neglegentes'
952 1251 985 1293 ιιι
1007 1239 1068 1292 tam
1088 1249 1131 1290 ne·

124 1323 254 1384 cessaria
281 1330 365 1400 parte
392 1317 509 1401 (artis)
533 1321 658 1400 fuerint,
688 1322 749 1380 sive
778 1321 894 1399 experti
922 1320 1046 1424 quidem
1072 1326 1133 1380 suut
1178 1322 1181 1393 ξ

125 1429 229 1471 eorum
257 1409 431 1514 utilitatem,
458 1410 605 1488 denegant
632 1415 683 1469 aut
684 1427 732 1469 em
754 1427 856 1488 usum,
884 1411 980 1488 magis
1005 1407 1134 1488 culpandi
1177 1412 1181 1477 l

73 1512 105 1561 15
126 1507 210 1580 sunt,
233 1501 303 1577 quia
327 1501 452 1559 crimine
475 1498 653 1560 invidentiae
676 1496 814 1577 flagrant,
838 1497 918 1575 quod
940 1497 1055 1560 malum
1074 1513 1181 1559 cun

126 1587 264 1649 omnibus
293 1586 528 1648 animantibus
520 1589 648 1647 rnvisum
672 1603 737 1646 esse
762 1584 864 1666 debet,
891 1593 958 1646 tum
982 1588 1134 1665 praecipue
1178 1578 1181 1653 Ξ

124 1677 299 1757 medicis,
290 1694 321 1736 ιιι
347 1675 456 1754 quibus
483 1677 543 1735 nisi
569 1675 676 1755 plenus
703 1633 926 1734 misericordiae
950 1683 981 1736 et
1008 1675 1135 1736 humani·
1179 1684 1181 1723 i

124 1767 193 1823 tatis
217 1766 334 1823 animus
358 1771 405 1823 est
427 1763 593 1823 secundum
616 1765 712 1840 ipsius
735 1763 931 1841 professionis
950 1763 1136 1842 voluntatem,
1179 1836 1181 1843 Ι

125 1851 263 1911 omnibus
287 1851 345 1911 diis
369 1859 399 1911 et
421 1849 592 1911 hominibus
615 1852 704 1910 invisi
728 1869 793 1912 esse
812 1850 932 1912 debent.
970 1851 1088 1914 Idcirco
1104 1869 1137 1912 ne
1179 1926 1181 1931 Ι

71 1951 105 2001 ao
124 1938 260 2000 hostibus
285 1939 405 2017 quidem
433 1937 544 1999 malum
574 1939 822 2001 medicamentum
845 1939 942 2022 dabit,
971 1943 1026 2020 qui
1049 1958 1137 2002 sacra·

125 2034 226 2088 mento
250 2029 414 2088 medicinae
442 2026 573 2106 legitime
597 2035 643 2088 est
671 2026 832 2109 obligatus3
860 2028 913 2088 sed
942 2037 1138 2110 persequetur

127 2136 192 2199 eos,
220 2136 289 2178 cum
317 2135 366 2177 res
390 2116 597 2199 postulaverit,
624 2124 659 2177 ut
681 2116 766 2177 miles
790 2124 820 2177 et
843 2118 916 2177 civis
940 2116 1041 2179 bonus
1065 2118 1139 2180 omni

128 2207 223 2288 modo,
247 2209 316 2286 quia
340 2206 485 2268 medicina
509 2224 569 2267 non
593 2207 711 2266 fortuna
733 2223 830 2284 neque
849 2209 988 2284 personis
1008 2207 1138 2268 homines

127 2298 276 2374 aestimat,
304 2313 408 2355 rerum
436 2295 599 2374 aequaliter
622 2293 760 2355 omnibus
783 2294 1013 2373 implorantibus
1038 2295 1138 2357 auxilia

72 2392 107 2440 nc
127 2399 180 2440 sua
204 2400 416 2443 succursuram
435 2401 467 2442 se
486 2383 644 2459 pollicetur
662 2382 795 2461 nullique
813 2401 956 2462 umquam
975 2387 1138 2447 nocituram

125 2469 292 2544 profitetur.

213 2555 424 2635 Hippocrates,
453 2555 587 2615 conditor
612 2563 732 2617 nostrae
755 2560 966 2642 professionis,
991 2563 1077 2622 initia
1100 2561 1138 2622 di·

126 2642 267 2721 sciplinae
291 2643 327 2702 ab
351 2642 542 2703 iureiurando
566 2644 700 2725 tradidit,
724 2648 836 2726 inquo
861 2655 996 2710 sanctum
1022 2659 1081 2731 est,
1104 2667 1139 2710 ne

125 2733 279 2811 praegnati
302 2731 421 2809 quidem
449 2730 647 2793 medicament
635 2742 713 2815 t,um
742 2754 801 2814 quo
825 2744 1005 2816 conceptum
1030 2740 1140 2800 excuti·

72 2833 107 2881 30
126 2830 186 2902 tur,
208 2826 260 2880 aut
247 2819 366 2880 tdetur
385 2829 436 2880 aut
424 2819 676 2884 tdemonstretur
695 2843 711 2883 a
731 2842 881 2903 quoquam
905 2825 1031 2907 medico,
1055 2826 1139 2905 longe

125 2909 329 2987 praeformans
348 2910 462 2968 animos
481 2908 660 2972 discentium
679 2913 715 2972 ad
734 2913 957 2974 humanitatem.
988 2913 1048 2985 Qui
1063 2918 1140 2976 enim

197 3102 213 3149 2
236 3095 388 3151 inlustrata
410 3098 449 3152 L:
478 3097 519 3152 ill.
538 3099 599 3153 R
656 3101 828 3156 4timidum
853 3103 901 3157 M:
926 3103 1082 3157 etiamtunc
1104 3102 1140 3158 R.

125 3165 280 3235 dignique
303 3183 353 3222 om
373 3167 416 3236 R,
445 3171 544 3225 addidi
566 3186 579 3227 e
602 3171 644 3225 M
727 3172 894 3240 iconpnlsi
922 3173 961 3226 L:
991 3191 1082 3244 comp.
1104 3175 1139 3229 R.

125 3236 237 3291 8sanis
258 3237 419 3296 Cercetius
493 3247 578 3295 tuan
597 3241 748 3311 Boettiper.
773 3245 803 3296 et
820 3259 901 3296 usum
920 3243 949 3297 R
972 3243 1008 3298 de
1026 3257 1079 3300 usu
1096 3245 1137 3300 M.

127 3311 159 3361 10
178 3307 393 3393 inprudentiam
407 3312 446 3366 L
470 3313 551 3382 impr
571 3311 607 3366 R.
682 3318 714 3366 13
732 3311 801 3366 artis
820 3327 869 3369 om.
889 3313 927 3382 R,
946 3316 1047 3371 addidi
1065 3333 1080 3372 e
1097 3317 1138 3372 M.

125 3383 159 3432 15
184 3377 251 3447 quia
273 3380 320 3434 M.
346 3381 395 3450 qui
419 3383 454 3437 R
538 3389 571 3437 16
595 3382 698 3437 debeat
720 3383 844 3438 esseM
929 3385 990 3440 17·
981 3403 1012 3440 ιιι
1034 3403 1086 3443 om.
1104 3387 1139 3442 L.

125 3453 159 3503 25
179 3465 311 3517 umquam
330 3451 370 3506 L:
394 3470 519 3522 unquam
537 3453 574 3508 R.
646 3458 680 3507 29
699 3453 830 3522 pregnoti
848 3453 887 3506 L:
911 3457 1084 3524 praegnanti
1104 3458 1139 3513 R.
