2400 3922
340 211 463 268 cxxiv.
487 204 608 269 Camillo
626 211 783 269 Palaeotto.
1004 213 1067 278 151

53 371 124 441 mea
155 396 335 477 congruere
366 373 520 440 iudicium
551 380 653 440 tuum
699 374 756 460 qui
784 373 870 439 enim
897 375 1037 459 prudent
1023 374 1070 441 tia

53 465 253 551 ingenioque
280 462 430 550 excellat,
459 464 514 547 qui
542 463 586 528 sit
613 463 704 528 aulae
727 463 864 547 peritior
887 463 985 528 etiam
1007 465 1069 530 for-

53 559 153 640 tasse,
188 575 288 637 quam
317 551 430 636 uellet,
463 551 520 636 qui
551 552 678 617 studeat
707 553 807 617 rebus
835 551 928 636 meis,
960 552 1002 616 ab
1031 575 1069 617 eo

53 642 227 708 dissentire
254 640 392 706 stultum
419 646 577 724 p.utarem
624 640 827 724 Quamquam
855 646 912 705 tua
939 639 1070 724 quidem

53 730 233 816 praecipua
264 732 298 794 et
330 729 421 813 quasi
447 728 620 830 priuilegio
654 730 794 814 quodam
822 729 945 794 uirtute
927 733 1070 812 eparto
1097 750 1110 790 ι

54 820 202 884 seiuncta
233 839 254 881 a
282 817 395 882 multis
426 816 570 883 condicio
603 818 773 883 esttibi
807 818 893 882 enirn
926 816 1071 883 Caesaris

54 930 147 974 amor
176 909 325 1007 beneque
357 906 396 970 de
428 906 524 971 bonis
553 906 633 970 uiris
662 907 805 971 merendi
837 907 974 972 facultas
1004 928 1072 970 non

55 996 228 1078 minimum
250 995 300 1059 int
301 1017 337 1059 er
286 994 479 1059 taulicas
500 995 666 1060 molestias
690 995 903 1060 lenimentum
847 1017 968 1061 umac
991 995 1071 1060 sola-

56 1085 140 1149 tium
172 1084 272 1149 debet
304 1104 381 1147 esse.
425 1082 598 1147 Febrieula
633 1085 777 1148 nondum
813 1085 944 1168 quidem
974 1085 1071 1168 plane

56 1173 154 1259 abiit,
177 1173 248 1255 sed,
271 1174 308 1235 ut
332 1171 425 1257 signa
448 1176 538 1256 sunt,
565 1172 694 1237 abitura
717 1173 916 1257 propediem.
929 1172 1071 1238 uidetur:
1086 1193 1111 1233 ιι

57 1261 212 1345 reliquias
235 1259 323 1325 enim
350 1260 407 1324 uix
435 1282 584 1346 agnosco,
630 1261 717 1338 Quae
745 1261 904 1346 scripsisti
878 1261 970 1324 t1de
998 1261 1072 1324 aluo

56 1349 242 1432 mollienda,
262 1370 457 1432 quamquam
474 1370 590 1433 parurn
607 1349 795 1435 necessaria,
818 1372 891 1414 cum
910 1372 947 1414 eo
966 1348 1073 1414 morbi

57 1460 176 1526 genere
195 1437 366 1502 liberati
340 1459 441 1502 simus
441 1442 621 1523 ‚pergrata
638 1442 748 1502 tamen
762 1443 845 1521 sunt,
864 1443 900 1502 ut
915 1460 934 1502 a
947 1460 1073 1503 summo

56 1549 166 1592 amore
191 1527 351 1611 profecta,
380 1490 663 1610 haeiebuntque
654 1549 689 1590 ιιι
715 1526 871 1590 memoria
898 1529 930 1589 et
952 1525 1073 1590 litteris

57 1637 152 1680 ame
176 1615 366 1700 consignata
389 1618 474 1699 sunt,
496 1619 543 1700 ut,
565 1615 593 1679 si
616 1637 667 1679 res
691 1618 766 1698 post
752 1613 844 1698 ttule,
821 1613 918 1678 tuti
941 1613 1072 1697 possim.
1087 1632 1113 1673 15

55 1709 132 1769 utor
155 1704 257 1768 etiam
274 1703 445 1786 interdum,
467 1725 508 1768 ne
532 1725 642 1768 rursus
665 1706 818 1788 crescant,
842 1723 923 1786 quae
946 1723 1074 1785 parum-

56 1815 115 1877 per
142 1792 331 1856 humescere
359 1796 544 1876 coeperunt.
589 1789 679 1856 Vale.
723 1790 884 1876 Venetiis,
913 1789 969 1856 III.
999 1812 1073 1855 non.

57 1881 134 1946 Dec.
158 1880 322 1945 MDLXX.

462 2031 675 2040 -----

497 2213 640 2278 LXXIV.

193 2353 355 2419 Camillo
382 2355 587 2419 Palaeotto
613 2355 825 2419 Bononiam
847 2363 894 2434 (X,
909 2363 945 2428 8).
1089 2376 1115 2415 ao

148 2495 221 2562 Nae
251 2517 311 2581 ego
340 2496 437 2560 istam
464 2496 612 2560 uillulam
641 2497 849 2561 uehementer
876 2518 963 2581 amc,
994 2517 1075 2580 quae

57 2591 91 2651 te
110 2587 236 2650 fessum
252 2584 387 2648 urbanis
406 2584 491 2648 curis
509 2585 597 2649 leuat
583 2586 723 2651 treficit
709 2590 787 2671 tque
806 2608 932 2652 secessu
956 2590 989 2650 et
1008 2586 1075 2651 otio

57 2672 306 2758 iucundissimo,
336 2673 431 2737 ubit
417 2677 450 2736 e
474 2673 601 2758 coll1g1s
623 2675 830 2760 animumque
853 2676 1009 2740 transfers
1036 2674 1077 2737 ad

59 2761 274 2845 contemplat
265 2783 373 2826 1onem
402 2761 691 2844 pulcherrimarum
720 2786 836 2829 rerum.
883 2764 961 2848 quid
990 2783 1077 2846 agas,

58 2852 140 2935 quid
173 2871 279 2935 cures,
313 2850 368 2913 lex
398 2850 489 2913 nulla
517 2851 722 2950 praescribit.
758 2853 874 2916 scribis
906 2855 963 2915 aut
993 2848 1077 2932 legis
1091 2869 1116 2911 ιι

59 2938 225 3004 arbitratu
247 2942 319 3024 tuo,
342 2938 438 3003 modo
462 2939 571 3023 aprica
590 2940 785 3005 deambulat
761 2944 863 3022 t10ne‚
885 2938 980 3003 modo
1004 2957 1076 3019 pro-

60 3032 178 3128 spectu
195 2990 327 3090 colliurii
342 3027 533 3110 quandoque
551 3032 664 3112 aperto
678 3048 825 3111 puroque
840 3026 927 3090 caelo
947 3023 1077 3109 gaudes.

59 3116 218 3180 nimirum
241 3115 375 3180 hoct
326 3120 375 3180 est
398 3115 509 3180 uiuere
537 3120 570 3180 et
597 3116 660 3181 ista
687 3113 888 3197 solitudine,
903 3112 966 3176 isto
989 3111 1077 3176 uitae

61 3226 182 3290 genere
205 3203 289 3268 nihil
311 3203 397 3268 beat
373 3208 446 3269 t1us.
492 3225 549 3268 cur
572 3225 632 3289 ego
656 3208 723 3267 tam
745 3202 842 3287 longe
864 3164 993 3286 iusum,
1021 3222 1078 3265 cur

58 3291 493 3465 ιιιιιιιιιιιιιιιῗ
511 3291 632 3445 ‘tlt
650 3253 1078 3465 ιιιιιιιιιιιιιιιιιι
1091 3306 1121 3347 ³⁰

61 3469 192 3569 magis?
224 3468 304 3532 mihi
340 3469 445 3555 crede,
483 3468 511 3533 si
543 3489 651 3533 rerum
687 3467 934 3534 domesticarum
971 3467 1072 3533 solun

60 3558 147 3622 ratio
172 3561 265 3642 esset,
288 3557 474 3622 aduolarem
491 3557 532 3621 ad
550 3560 656 3621 teta
606 3561 656 3621 sta
657 3557 725 3644 tim,
748 3558 783 3622 in
800 3557 915 3641 ipsam,
937 3555 1068 3640 inquam
