2430 3922
525 193 745 259 „92-

128 356 233 416 tollere
262 358 325 417 sine
354 358 434 417 ferro
457 356 648 437 voluerimus,
675 364 710 418 ut
732 373 886 436 verrucas,
914 374 1023 417 naevos
1051 356 1143 419 aliave

130 448 194 505 eius
218 447 349 526 generis,
376 446 434 508 hoc
458 445 672 507 medicamento
696 447 822 506 utimur:
846 443 941 505 Calois
963 446 1046 505 vivae
1071 445 1145 525 pli

130 533 180 615 vl,
208 533 338 594 faeculae
366 552 395 613 p.
420 534 444 594 X
471 534 525 615 ΙΙΙ,
553 535 626 594 nitri
654 535 715 594 usti
741 533 816 611 px
842 533 890 594 lIl.
936 533 1016 594 Haec
1045 541 1143 595 terere

130 629 248 700 oportet
271 641 307 684 ex
331 626 431 683 cinere
454 623 540 684 lixiva
563 641 599 683 er
622 622 762 701 capritico
786 622 832 682 vel
856 625 1024 696 sarmentis,
1048 622 1144 684 donec

94 709 204 772 olevia
227 713 307 789 passi
329 710 457 772 habeant
481 718 757 791 temperamentum,
780 711 887 772 deinde
910 711 1027 772 adicere
1047 710 1146 771 rubri-

130 817 182 859 cae
205 807 256 861 ant
279 803 449 882 atramenti,
473 801 552 880 quod
576 802 670 879 possit
689 799 821 860 colorare
841 819 883 879 ea,
907 798 1014 860 deinde
1037 800 1145 879 patella

129 887 215 949 fictili
237 906 366 968 coquere
390 889 427 948 ad
450 889 547 949 mellis
571 888 795 967 spissitudinem
819 896 907 966 atque
931 888 1042 967 puxide
1066 890 1146 968 nigri

129 974 244 1054 plumbi
266 994 421 1055 reponere.
467 976 572 1037 Melius
595 986 695 1037 autem
718 995 825 1037 recens
848 977 930 1054 facit,
959 979 1048 1038 ouius
1071 995 1145 1038 usus

129 1070 177 1124 est
198 1063 280 1125 talis:
308 1064 393 1134 Quod
417 1063 597 1126 destinatum
622 1068 681 1127 erit
702 1065 820 1144 tollere,
845 1066 876 1125 id
899 1067 998 1144 ipsum
1021 1065 1147 1145 specillo

77 1163 112 1212 10
131 1151 282 1214 oblinetur
310 1155 453 1234 crassius,
484 1173 519 1214 ex
547 1154 703 1215 intervallo
731 1154 870 1232 penicillo
898 1152 1089 1233 abstergetur
1116 1162 1145 1215 et

132 1259 201 1301 cum
238 1244 309 1303 satis
345 1244 464 1321 nigrum
497 1238 570 1323 <et>
604 1245 689 1321 quasi
724 1250 880 1321 perustum
912 1245 1008 1303 visum
1046 1243 1147 1323 luerit,

132 1330 269 1391 desinere
298 1331 447 1411 oportebit
473 1333 618 1410 inponere
646 1350 695 1391 res
723 1339 753 1391 et
781 1330 952 1409 abstergere
981 1341 1012 1392 et
1038 1350 1145 1411 panem

132 1438 167 1479 ex
192 1437 267 1498 aqua
290 1422 433 1498 inponere
458 1429 488 1480 et
515 1439 590 1480 rosa.
636 1419 699 1480 Hoo
723 1427 753 1480 et
780 1427 910 1481 strumas
938 1427 1036 1500 sanat,
1065 1428 1144 1481 ante·

132 1526 220 1586 quam
245 1518 420 1587 suppurent.
457 1507 583 1587 Oportet
601 1516 709 1589 antem,
733 1527 800 1569 cum
819 1508 876 1569 hoc
895 1507 1145 1570 medicamentum

78 1607 112 1656 lo
131 1604 263 1657 crustam
287 1597 393 1657 lecerit
415 1599 446 1656 in
470 1599 602 1677 strumis,
626 1596 739 1657 nullum
763 1597 841 1657 aliud
867 1595 1146 1675 [medicamentum]

129 1684 284 1746 adhibere:
310 1703 398 1746 sanae
422 1687 502 1746 enim
525 1687 565 1746 ita
589 1686 671 1746 hunt.

218 1772 407 1834 CCXXVllll.
453 1773 527 1835 Cum
555 1792 625 1834 vero
654 1773 751 1853 aliqua
779 1791 849 1851 pars
877 1776 1089 1852 suppuraverit
1116 1782 1145 1835 et

128 1862 251 1922 timidus
272 1862 363 1922 luerit
382 1861 418 1921 ad
438 1864 601 1922 sectionem
620 1864 670 1923 oui
692 1863 723 1922 id
746 1862 898 1942 acciderit,
921 1864 1036 1922 viscum
1057 1880 1145 1943 quam

129 1948 291 2028 plurimum
325 1949 464 2028 colligere
494 1950 645 2029 oportebit
673 1969 801 2029 eumque
829 1969 897 2011 cum
926 1952 1028 2011 cinere
1058 1952 1144 2012 lixiva

76 2051 111 2101 20
130 2038 243 2099 diutius
267 2047 366 2099 terere
390 2045 420 2098 et
443 2038 521 2099 aluta
550 2040 705 2100 inductum
733 2041 877 2117 inponere
900 2041 941 2100 ita
966 2039 1094 2100 formata
1116 2046 1144 2100 et

128 2128 294 2188 intantum
313 2128 442 2206 spatium
461 2129 666 2208 circumsecta,
691 2137 834 2207 quantum
854 2137 883 2188 et
902 2127 989 2207 quale
1007 2128 1147 2189 volumus

128 2215 224 2296 ulcus,
248 2216 278 2276 id
302 2224 349 2277 est
372 2218 559 2277 emissarium
577 2219 708 2277 vomicae
731 2217 797 2276 lieri
821 2225 850 2277 et
869 2235 903 2277 ea
925 2225 1009 2295 parte
1030 2217 1144 2278 scilicet

129 2305 321 2385 inponemus‚
349 2322 437 2384 quam
465 2312 530 2366 tum
553 2323 676 2366 necesse
700 2307 757 2365 erit
780 2307 905 2383 aperire.
951 2304 1015 2365 Hoc
1040 2304 1143 2366 eodem

129 2394 344 2456 medicamento
364 2412 451 2473 saepe
474 2393 591 2454 dolores
615 2395 746 2454 diutinos
770 2396 911 2473 pectoris,
934 2393 1048 2475 lateris,
1072 2393 1142 2455 lum-

75 2492 109 2541 25
129 2479 235 2541 borum
268 2482 388 2560 sustuli,
426 2500 493 2541 cum
526 2480 563 2541 ad
596 2482 710 2543 nullum
742 2482 884 2560 malagma
918 2490 970 2542 aut
1001 2483 1143 2544 auxilium

129 2567 287 2629 cedebant:
310 2568 478 2629 exulcerata
503 2571 582 2629 enim
605 2572 725 2630 minima
747 2581 831 2649 parte
852 2572 997 2649 cuiusque
1017 2571 1146 2631 dolentis

128 2656 185 2717 loci
209 2653 322 2736 <cum>
345 2656 522 2718 humoribus
545 2666 649 2736 postea
673 2660 777 2720 vitium
800 2659 891 2719 veluti
915 2659 1090 2721 eiciebatur.

218 2744 356 2806 CCXXX.
379 2745 484 2806 Melior
498 2746 638 2826 tryphera
653 2747 761 2807 —hoc
777 2749 856 2807 enim
870 2749 990 2808 nomine
1006 2751 1144 2828 superius

128 2836 259 2914 positum
282 2835 532 2895 medicamentum
555 2834 720 2915 appellatur
737 2869 775 2879 -
792 2835 863 2896 lacit
881 2835 917 2895 ad
937 2838 1046 2916 omnia,
1071 2853 1142 2917 quae

75 2940 109 2990 30
129 2924 209 2984 ferro
234 2923 344 2984 dehent
367 2923 430 2983 tolli
454 2925 517 2984 sine
541 2942 647 3003 magno
672 2923 782 3004 dolore,
806 2926 876 2985 item
900 2923 1144 2986 haemorrhoidas

202 3135 320 3183 lnevos
342 3129 375 3182 L.
451 3131 597 3184 debemur
616 3129 657 3184 M.
730 3129 833 3184 snitri
856 3129 901 3184 M:
926 3130 994 3185 vitri
1018 3131 1056 3185 R.
1127 3135 1142 3183 'l

129 3200 230 3268 pyxide
248 3200 289 3255 M.
355 3200 451 3270 9ipso
467 3201 510 3255 M.
577 3207 610 3254 11
629 3203 658 3255 et
676 3201 807 3256 adelidis
825 3200 868 3255 M.
929 3203 1078 3270 perustum
1096 3202 1144 3274 df:

128 3273 295 3340 perunctum
313 3270 348 3324 R.
415 3276 447 3325 15
467 3275 588 3326 crustam
607 3272 653 3327 M:
673 3287 788 3326 caueam
806 3270 842 3326 R.
907 3271 1143 3327 medicamentum

128 3343 241 3409 inclusi,
263 3358 314 3396 ont.
333 3342 374 3395 M.
446 3348 478 3396 19
498 3342 586 3398 lixivo
602 3344 714 3411 scripsi:
734 3341 814 3397 lixivi
834 3341 863 3397 R
882 3341 968 3396 lixivo
987 3345 1029 3399 vel
1047 3342 1143 3398 lixivio

128 3411 218 3468 Rhoe
287 3418 322 3467 23
341 3429 424 3481 quam
444 3415 504 3467 tum
524 3414 626 3469 Rhoe:
646 3416 783 3482 quantum
802 3412 839 3468 R.
908 3419 942 3468 27
962 3431 1027 3469 cum
1046 3413 1144 3472 addidi

128 3501 141 3537 e
160 3483 201 3535 M.
275 3487 309 3538 28
328 3484 454 3552 triphena
471 3484 508 3539 R.
580 3484 692 3540 nomine
711 3485 739 3538 R
757 3485 789 3539 in
807 3485 898 3539 indice
916 3484 1021 3541 Boou:
1044 3501 1142 3541 nomen

126 3553 156 3607 R
174 3554 206 3607 in
224 3558 308 3609 textu.
381 3555 445 3620 fort.
464 3555 494 3608 et
512 3557 646 3625 superius.
720 3561 754 3610 30
773 3554 842 3610 item
860 3571 921 3626 epo:
940 3555 1018 3611 idem
1036 3557 1074 3614 R.
