2400 3922
516 201 758 265 -102-

125 385 152 444 p.
173 365 198 424 ii
218 363 272 444 lll,
295 363 515 425 terebinthinae
539 383 567 442 p.
587 362 612 422 ll
630 361 663 423 V.
694 363 928 425 Contuuduntur
949 366 1064 446 ordine,
1089 385 1142 445 quo

125 456 237 534 scripta
261 461 344 534 sunt,
372 451 432 532 pilo
461 451 558 531 ligneo
585 453 707 532 cyprino
732 453 806 533 olco,
833 452 921 532 quod¹
938 456 970 514 in
994 457 1055 515 imo
1080 454 1142 516 sub-

126 542 210 623 sidit,
245 548 404 621 peruncto,
443 558 512 601 aera
542 543 574 601 in
607 559 714 619 aquam
746 541 911 602 ferventem
944 545 976 602 in
1009 545 1143 604 minimas

126 640 227 711 partes
262 633 380 692 concisa
410 630 577 690 demittitur
604 640 634 689 et
666 629 787 690 subacta
821 630 960 691 manibus
992 634 1025 692 in
1058 632 1143 712 pilam

91 721 284 788 sconicitur.

217 808 347 870 cclxv.
377 807 519 887 Malagma
542 808 613 868 item
637 805 672 866 ad
692 809 900 867 contusionem
924 808 1043 890 lateris3
1067 810 1142 870 idem

127 900 198 959 lacit
226 897 262 958 ad
291 904 444 976 suspectas
468 897 597 955 vomicas
622 903 673 955 aut
699 897 759 956 iam
787 896 893 976 factas3
924 906 1083 974 praetcrea
1110 899 1142 958 ad

126 988 276 1063 iecinoris,
305 983 548 1062 praecordiorum
573 982 715 1043 duritiam
738 983 785 1044 vel
808 984 941 1045 dolorem
966 985 1044 1047 bene
1069 987 1142 1047 facit.

125 1072 262 1132 Proderit
286 1081 315 1130 et
338 1073 369 1131 in
393 1071 474 1131 omni
502 1069 568 1130 loco
592 1070 706 1133 dolenti
729 1074 907 1151 inpositum:
936 1073 1059 1155 Cypari,
1087 1094 1142 1136 am·

73 1179 107 1228 10
125 1161 252 1220 moniaci
276 1165 385 1240 guttae,
409 1158 603 1239 cardamomi,
627 1159 742 1242 bdellii,
769 1164 853 1243 turis,
877 1164 996 1223 resinae
1016 1164 1142 1224 terebin-

125 1249 234 1328 thinae,
253 1248 440 1326 singulorum
458 1247 556 1327 pondo
571 1246 632 1308 bes.
662 1248 724 1309 Tus
744 1259 774 1310 et
793 1249 935 1312 bdellium
956 1263 1143 1314 macerantur

124 1335 220 1416 pridie
240 1338 301 1397 vini
324 1338 444 1399 hemina
462 1355 530 1418 una,
555 1344 655 1398 cetera
672 1339 914 1416 contunduntur;
938 1359 1028 1402 cerac
1047 1341 1140 1421 pondo

123 1424 200 1485 libra
223 1433 253 1485 et
277 1428 371 1485 triens
394 1435 425 1486 et
452 1426 510 1486 olei
538 1427 653 1504 cyprini
681 1429 830 1488 sextarius
860 1446 938 1489 uuus
969 1448 1040 1490 cum
1069 1439 1140 1490 tere·

123 1511 259 1574 binthina
283 1513 441 1593 liquefiunt
464 1517 632 1593 ceterisque
656 1517 898 1577 commiscentur.
936 1516 1067 1587 Quidam
1086 1519 1141 1578 adi·

74 1617 106 1672 1⁶
125 1604 209 1664 ciunt
236 1620 355 1662 murrae
384 1603 483 1681 pondo
514 1611 691 1684 sextantem,
725 1606 820 1665 croci‘
839 1605 938 1683 pondo
969 1615 1140 1686 sextantem,

125 1692 304 1753 cinnamomi
327 1691 426 1769 pondo
450 1699 623 1752 sextantem.

214 1778 357 1841 cclxvi.
381 1779 522 1858 Malagma
535 1780 569 1839 ad
585 1773 696 1860 luxum,
712 1789 881 1862 contusum,
899 1784 983 1842 canis
1001 1801 1140 1861 morsum,

123 1867 282 1949 parotidas,
312 1876 449 1947 strumas,
477 1868 650 1947 podagram:
679 1869 770 1930 Cerae
799 1870 899 1949 pondo
923 1866 997 1951 dua,
1025 1874 1139 1932 resinae

124 1956 227 2017 frictae
252 1956 349 2036 pondo
374 1956 444 2036 dua,
472 1959 547 2036 picis
570 1956 718 2035 Hispanae
741 1958 841 2036 pondo
865 1960 935 2039 tria,
965 1962 1139 2020 ammoniaci

70 2045 222 2124 rupendo
245 2044 364 2125 libram,
391 2047 468 2105 turis
497 2045 615 2123 pollinis
641 2046 739 2124 pondo
763 2048 867 2127 semiS,
896 2046 1016 2126 galbani
1042 2049 1139 2126 pondo

123 2136 228 2215 semis,
262 2136 338 2195 aceti
371 2135 516 2194 sextarios
544 2134 627 2194 duos.
677 2136 903 2196 Ammoniacum
936 2138 1045 2197 tritum
1074 2155 1138 2198 cum

122 2230 206 2282 aceto
231 2222 355 2284 solvitur
382 2225 465 2303 igne,
494 2223 600 2283 deiude
629 2226 740 2304 resina,
769 2242 851 2303 cera,
879 2226 930 2303 pix
959 2225 1091 2287 adicitur
1113 2235 1139 2286 et

122 2312 276 2390 coquitur,
309 2329 404 2392 usque
433 2312 503 2372 dum
537 2313 696 2392 spissatur,
729 2321 833 2390 postea
865 2322 916 2372 tus
949 2313 1138 2375 admiscetur.

122 2396 180 2458 Ubi
203 2400 357 2477 emplastri
385 2400 523 2461 habuerit
546 2407 827 2479 temperamentum,
856 2401 1076 2464 medicamento
1100 2413 1138 2463 te·

70 2503 104 2556 25
122 2495 212 2566 pente
235 2488 393 2566 galbanum
417 2489 551 2548 adicitur.

212 2575 370 2637 CCLXVll.
407 2575 549 2654 Malagma
572 2575 608 2636 ad
632 2576 792 2654 podagram
812 2585 842 2638 et
864 2595 983 2637 omnem
1008 2579 1138 2640 dolorem

123 2673 154 2726 et
181 2667 346 2726 tensionem
380 2681 539 2724 nervorum
571 2666 678 2742 recipit
706 2665 793 2725 haec:
826 2666 1013 2727 Ammoniaci
1041 2676 1138 2747 guttae

123 2754 222 2834 pondo
245 2753 271 2834 1,
300 2771 385 2814 cerae
413 2752 511 2830 pondo
535 2751 561 2832 l,
590 2754 732 2832 axungiae
762 2755 872 2814 veteris
900 2754 1057 2837 selibram,
1085 2756 1138 2816 olei

124 2844 234 2904 veteris
256 2841 355 2921 pondo
379 2843 533 2923 trientem,
557 2841 614 2902 olei
637 2842 752 2902 cedrini
774 2842 873 2921 pondo
897 2844 1032 2925 unciam,
1056 2863 1137 2906 rosae

196 3073 212 3122 2
231 3067 287 3123 imo
306 3066 352 3122 M:
376 3065 498 3122 vinuli.
571 3073 589 3120 4
613 3065 771 3121 demittitur
794 3066 905 3134 scripsi:
932 3065 1088 3122 dimittitur
1105 3067 1138 3122 R.

126 3146 142 3195 6
161 3139 230 3196 itam
253 3155 303 3194 om.
326 3136 365 3191 Μ
382 3141 408 3190 ct
429 3136 458 3191 R
483 3138 515 3191 iu
537 3137 636 3192 iudice.
710 3142 726 3192 8
745 3136 874 3192 iocineris
893 3135 934 3191 M.
1010 3145 1027 3193 9
1047 3140 1076 3194 et
1098 3137 1138 3210 in]

124 3209 213 3265 etiam
223 3209 269 3278 M,
288 3209 402 3277 sortasse
418 3212 495 3263 recte.
552 3212 585 3260 12
601 3224 681 3263 cerae
695 3209 806 3278 scripsi:
827 3223 890 3262 cara
904 3207 941 3262 R.
999 3215 1033 3263 15
1047 3210 1139 3280 pondo

125 3282 284 3336 sextantem
302 3279 405 3335 Rhoda
424 3279 536 3348 partem
549 3277 586 3332 R.
659 3278 869 3348 perdolitum:
887 3279 999 3346 purtem
1018 3279 1060 3348 1a3
1078 3283 1140 3336 itam

120 3353 210 3424 poulo
233 3351 321 3420 iufra.
395 3354 428 3404 18
447 3348 502 3401 duo
521 3347 626 3416 Aldus,
651 3351 715 3404 item
737 3349 822 3414 iufra.
896 3354 931 3402 20
954 3349 1029 3404 libra
1051 3351 1139 3407 nucu.

126 3430 161 3479 21
181 3422 297 3479 sextarii
311 3421 366 3476 duo
380 3419 469 3476 nucu.
533 3425 567 3472 22
586 3419 635 3488 pix
652 3434 710 3489 ego:
730 3419 824 3485 pondo
837 3432 939 3472 novam
953 3419 982 3474 R
999 3423 1140 3491 scriptura

127 3495 269 3567 archetypi
290 3492 353 3548 PIX
376 3507 480 3563 parum
504 3490 648 3544 intellecta.
727 3493 761 3541 24
788 3485 997 3545 medicamento
1026 3495 1140 3563 tepente

127 3567 280 3636 galbanum
301 3565 414 3636 scripsi:
437 3559 672 3618 medicamentum
689 3556 798 3627 tepenti
821 3555 943 3625 galbano
963 3561 1139 3618 adicitur‘li.
