2430 3922
369 171 490 228 LXVIIL
513 172 613 228 Ioanni
631 171 754 229 01111111.
1008 171 1071 237 143

52 333 162 421 gulari
187 333 297 399 diuino
321 357 453 400 munere
476 336 616 420 patriam
635 336 745 420 adepti
764 335 941 400 redibimus
959 335 1000 399 ad
1018 335 1074 400 1111

53 422 222 508 praeclara
245 423 365 509 studia,
392 424 477 489 unde
505 425 666 489 discedere
693 447 760 489 non
787 423 947 508 oportuit,
974 425 1075 488 omni-

54 534 118 597 que
143 534 278 595 prorsus
302 534 378 577 cura
400 513 503 596 uacui,
525 513 615 578 nullo
639 513 830 597 cuiusquam
852 511 999 596 imperio,
1022 536 1074 577 ex-

54 600 155 666 clusis
179 600 287 684 etiam,
310 600 446 687 silicet,
469 602 781 686 interpellatoribus,
814 600 841 665 si
864 623 931 665 non
952 601 1075 688 licebit,

53 712 129 754 rnre
159 689 278 775 abditi,
311 690 434 755 salubri
466 691 575 775 aliquo
608 695 640 755 ct
668 712 803 755 amoeno
830 689 902 755 loco
932 690 1076 754 fruemur
1103 715 1116 757 1

54 777 226 843 liberrimo
251 777 333 864 otio,
360 779 513 844 litterulis
536 779 669 863 nostris,
697 801 893 863 operamque
917 778 1076 862 dabimus,

56 869 218 951 quantum
245 867 280 931 in
305 868 403 932 nobis
430 868 504 953 erit,
532 872 581 952 ut,
610 867 697 952 quod
723 868 877 933 amissum
905 871 954 932 est
982 872 1077 932 antea

55 955 226 1042 temporis,
244 977 311 1020 non
324 956 359 1020 id
373 956 503 1040 quidem
521 961 636 1041 totum,
655 956 727 1044 (qui
742 957 828 1022 enim
845 956 915 1020 fieri
929 954 1076 1043 potestl)

56 1043 215 1109 nonnulla
242 1049 353 1110 tamen
379 1067 420 1110 ex
447 1050 541 1130 parte
568 1045 724 1110 sarciatur
752 1050 785 1109 11
808 1045 949 1129 aliquem
972 1046 1078 1111 adhuc

58 1155 97 1198 ex
131 1132 294 1198 industria
325 1135 410 1199 fruct
396 1139 468 1198 tum
499 1134 674 1218 posteritas
711 1134 827 1218 capiat.
882 1134 979 1199 Valet
980 1135 1077 1200 udine
1093 1159 1118 1198 10

58 1222 155 1287 modo
183 1225 315 1288 utamur
342 1223 522 1306 commoda,
545 1245 619 1324 qua
650 1245 737 1288 nunc
769 1222 900 1288 omnino
924 1245 1079 1309 caremus,

59 1315 174 1395 erepta
205 1310 375 1378 laboribus
402 1312 468 1376 illis
501 1311 664 1396 animique
696 1311 794 1396 curis,
828 1333 909 1397 quae
941 1312 1080 1377 nimium

59 1399 193 1465 omnino
226 1422 356 1486 graues,
387 1400 526 1465 nimium
562 1401 632 1465 diut
618 1406 732 1466 turnae
769 1401 908 1466 fuerunt.
962 1401 1079 1466 Febris

59 1487 209 1554 discessit
231 1492 308 1572 post
331 1493 487 1554 nouemt
472 1489 603 1555 tandem
626 1512 762 1575 menses,
784 1490 841 1555 sed
858 1490 973 1575 inedia,
996 1513 1080 1554 mor-

60 1578 118 1663 bo,
150 1598 311 1662 maerore,
343 1579 384 1642 ad
419 1577 610 1643 horribilem
647 1601 750 1663 prope
786 1578 922 1643 maciem
958 1542 1079 1642 iedacti
1094 1603 1120 1643 15

61 1688 189 1751 sumus,
218 1667 369 1752 quodque
396 1667 545 1732 miserius
578 1667 676 1732 etiam
704 1672 765 1754 est,
793 1668 903 1732 aluum
929 1689 1080 1752 purgare,

61 1755 125 1820 nisi
151 1755 306 1821 accedant
334 1756 534 1822 extrinsecus
561 1757 759 1842 adiumenta,
788 1778 965 1840 numquam
994 1756 1080 1820 lieet.

62 1844 147 1910 Huic
176 1843 320 1910 ariditati
348 1845 509 1910 asininum
532 1845 582 1911 111
606 1847 758 1929 prodesse
786 1845 821 1910 in
843 1845 959 1929 primis
984 1867 1081 1929 posse

63 1955 167 2019 neque
190 1933 267 1998 huic
289 1934 432 1999 remedio
454 1934 559 1999 ullum
581 1937 746 2018 praestare
770 1934 855 1998 inter
882 1956 993 1998 omnes
1017 1956 1081 1998 me·

65 2023 151 2088 dicos
171 2023 332 2087 conuenit.
309 2021 411 2087 tIn
434 2023 553 2088 cibo
529 2045 612 2088 sicca
631 2023 739 2088 omnia
758 2023 924 2108 damnent,
947 2023 1081 2087 humida
1095 2049 1122 2089 11

66 2112 215 2195 probant,
234 2111 426 2195 praesertim
446 2134 528 2213 quae
542 2111 693 2177 facilia
668 2115 733 2177 sint
719 2112 793 2176 tad
807 2112 1081 2195 concoquendum.

11 2282 14 2289 Ι
65 2199 153 2266 Porro
173 2222 326 2287 magnam
340 2223 433 2284 spem
446 2200 607 2267 incorum
626 2201 780 2286 consiliis,
799 2201 954 2265 maiorem
972 2204 1083 2264 tamen

10 2296 15 2333 ⁵
67 2289 99 2354 in
120 2289 221 2354 animi
245 2289 496 2377 tranquillitate,
523 2290 558 2356 in
581 2290 735 2374 adspectu
758 2311 916 2374 meorum,
944 2289 979 2353 in
1002 2289 1083 2354 caeli

10 2390 18 2455 ,ἑ
68 2379 163 2462 patrii
192 2378 393 2444 salubritate.
440 2379 577 2464 denique
615 2381 655 2443 ad
690 2378 945 2463 omnipotentem
976 2378 1083 2443 Deum

10 2462 20 2537 l
69 2468 173 2532 omnia
196 2468 311 2533 refero
350 2468 507 2553 quidquid
530 2468 690 2552 assideri,
714 2467 1122 2532 111111111111-11111111

10 2542 22 2755 ἒ
69 2559 116 2621 111
138 2557 349 2642 acquiescam.
394 2557 484 2623 Haec
508 2557 634 2622 destat
586 2561 657 2620 11111
679 2519 853 2640 irostro,u
832 2557 956 2622 utinam
980 2557 1084 2642 quoti·

71 2643 116 2710 die
143 2645 288 2710 laetiora.
340 2646 427 2747 quod
457 2646 507 2710 fut
493 2650 603 2710 turum
615 2667 729 2798 bspero
758 2650 789 2710 et
817 2668 893 2710 sane
921 2650 978 2710 tua
1008 2669 1085 2731 quo-

10 2722 130 2817 que
144 2757 259 2799 caussa
279 2735 385 2835 cupio.
422 2734 561 2801 Necesse
580 2738 629 2799 est
648 2735 743 2818 enim,
764 2757 861 2818 quem
878 2736 973 2799 ualde
988 2757 1084 2819 ames,

72 2820 128 2908 (sic
151 2823 240 2888 enim
258 2823 372 2887 mihi
363 2845 428 2887 iam
446 2820 607 2924 persuasi)
631 2823 669 2887 de
689 2846 726 2887 eo
745 2823 871 2887 ualdet
857 2824 1085 2888 tesollicitum

73 2931 143 2976 esse.
179 2911 234 2976 Ad
256 2911 348 2976 illam
371 2913 569 2996 superiorem
584 2912 668 2995 epist
654 2912 768 2996 t,olam
791 2913 913 2977 Romae
933 2912 1031 2994 script
1033 2931 1085 2973 am
1099 2931 1125 2972 1ο

72 2998 217 3080 pluribus
236 3000 357 3087 uerbis,
377 3004 522 3084 expecto,
537 3000 614 3085 quid
632 2964 834 3085 respondeas.
871 2999 960 3063 Vale.
983 2999 1085 3062 Vene-

73 3087 129 3154 tiis.
152 3089 191 3156 X
214 3090 288 3156 Kal.
310 3089 394 3157 Nou.
417 3089 578 3155 MDLXX.
