2400 3922
521 176 742 241 ..36-

122 344 332 420 constringunt
352 343 380 401 vi
398 358 504 420 magna
522 347 614 420 artus,
637 340 843 418 exprimentes
862 340 1038 418 sanguinem
1057 341 1131 400 venis

122 429 306 511 subiectum,
333 437 445 508 cogunt
471 431 565 508 magis
588 429 706 505 erumpi
733 444 789 507 per
811 425 929 488 vulnus.
975 426 1072 489 Huius
1093 429 1131 489 rei

120 527 332 599 argumentum
351 526 410 599 est,
433 519 545 596 siquis
564 533 656 596 super
672 515 814 595 laqueum
832 517 1020 595 percusserit
1038 534 1132 578 ranan

122 610 154 668 in
177 607 309 688 brachio,
332 625 407 686 quae
431 613 476 667 est
499 603 641 686 animalis,
664 603 882 665 animadvertet
903 622 1000 683 aeque
1023 607 1133 666 incitari

87 699 298 775 asanguinem
321 714 358 756 ex
381 713 415 756 ea
438 703 531 775 parte,
555 710 643 772 quam
665 711 703 752 ex
725 693 869 753 inferiore
891 692 959 753 loco
982 711 1053 754 cum
1074 711 1132 773 per·

124 802 211 847 cussa
235 793 281 845 est
304 801 385 845 vena.
432 782 471 842 Et
496 781 553 843 hoc
581 799 635 861 per
662 780 842 860 sequidem
868 783 895 842 si
922 799 984 842 non
1007 781 1133 843 viderant

124 873 246 953 medici,
275 873 381 932 merito
406 879 506 932 essent
529 868 682 950 culpandi,
709 869 791 948 quod
815 868 1010 948 neglegentes
1038 872 1069 931 in
1090 888 1132 931 an·

124 962 208 1039 cipiti
233 977 304 1020 casu
331 958 486 1018 hominum
509 965 625 1039 essent,
652 975 721 1019 cum
749 959 929 1036 praesertim
953 958 1132 1038 Asclepiades

123 1051 211 1108 etiam
238 1045 376 1125 pluribus
399 1064 474 1106 usus
502 1050 543 1107 sit
570 1048 754 1126 argumentis
776 1048 807 1107 in
834 1045 891 1106 hac
915 1064 964 1126 re,
993 1065 1089 1127 neque
1110 1048 1133 1108 ei

70 1150 103 1198 10
122 1137 280 1215 quisquam
294 1133 482 1196 contradixit.
511 1133 585 1205 Quis
600 1136 679 1196 enim
694 1133 836 1195 adversus
851 1137 1012 1197 veritatem
1025 1135 1133 1196 hiscere

122 1220 243 1303 potest?
282 1223 411 1284 Proinde
435 1226 528 1302 magis
556 1231 627 1284 sunt
650 1222 851 1304 custodiendi,
880 1224 934 1302 qui
961 1223 1133 1302 pollicentur

123 1312 227 1374 salutis
251 1312 416 1374 custodiam
439 1314 694 1391 uniuscuiusque
717 1329 750 1371 se
774 1312 919 1392 facturos,
943 1321 1006 1373 tam
1028 1315 1133 1374 inertes

123 1410 223 1463 autem
246 1409 276 1462 et
298 1401 489 1480 neglegentes
512 1402 679 1463 necessaria
703 1399 825 1479 quidem
847 1399 885 1460 ad
907 1401 1134 1462 conservandam

123 1492 213 1551 vitam
235 1489 408 1569 humanam,
437 1508 512 1569 qnae
535 1508 590 1570 per
613 1489 738 1551 aliorum
761 1488 894 1549 lahorem
916 1498 1040 1569 reperta
1063 1497 1134 1569 sunt,

70 1588 103 1639 15
124 1579 262 1640 studeant
281 1581 367 1640 scire.
401 1577 507 1640 llerito
526 1581 626 1658 itaque
644 1577 801 1639 manifeste
820 1576 942 1656 quidam
965 1578 1133 1658 iugulantur

123 1685 234 1745 genere
262 1667 389 1746 quodam
416 1669 538 1729 incitata
565 1668 721 1746 eruptione
749 1667 903 1743 sanguinis
932 1665 971 1727 ah
995 1667 1135 1728 eiusmodi

123 1756 278 1816 hominurn
297 1754 504 1835 imprudentia.
541 1754 593 1835 Et,
612 1774 629 1815 o
648 1754 725 1815 hone
744 1754 827 1834 deus,
850 1753 883 1815 hi
902 1762 975 1815 sunt
993 1757 1066 1835 ipsi,
1089 1757 1135 1836 qni

122 1845 270 1920 imputant
289 1861 373 1903 suam
392 1843 510 1921 culpam
534 1844 757 1904 medicamentis
776 1844 862 1922 qnasi
884 1843 961 1904 nihil
984 1846 1135 1923 proficien-

123 1929 212 1991 tibus.
260 1929 318 1991 Sed
342 1930 377 1991 ad
401 1933 590 2009 propositum
612 1939 808 1992 revertemur.

68 2034 104 2088 20
212 2017 352 2079 LXXXV.
393 2017 520 2080 Faciunt
543 2030 574 2081 et
597 2022 751 2100 conposita
774 2019 992 2081 medicamenta
1016 2021 1052 2083 ad
1076 2040 1135 2082 san·

123 2109 222 2186 guinis
241 2110 439 2191 eruptionem,
458 2127 587 2189 quorum
606 2117 636 2170 et
654 2109 711 2170 hoc
730 2116 791 2172 est:
812 2108 937 2170 Acaciae
956 2113 1024 2171 suci
1041 2111 1134 2189 pondo

124 2199 225 2277 uncia,
252 2197 468 2280 hypocistidos,
496 2201 548 2278 qui
571 2207 618 2260 est
641 2216 731 2260 sucus
754 2215 839 2258 rosae
863 2196 1024 2280 silvaticae,
1053 2217 1134 2278 quarn

124 2289 260 2348 caninam
284 2288 404 2367 quidam
427 2296 546 2369 vocant,
573 2288 671 2368 pondo
695 2288 795 2366 tracia,
823 2284 964 2367 balausti,
990 2287 1071 2367 quod
1093 2296 1134 2348 est

122 2374 179 2435 llos
202 2376 272 2436 mali
295 2380 423 2458 granati,
447 2395 506 2454 quo
530 2378 649 2438 coriarii
672 2384 810 2455 utuntur,
838 2374 937 2453 pondo
961 2378 1065 2457 uncia,
1091 2377 1136 2455 opi

69 2479 102 2528 25
122 2463 222 2539 pondo
238 2467 399 2524 semuncia.
429 2464 610 2524 Balanstium
622 2463 826 2543 contunditur,
844 2462 1006 2545 cribratur,
1026 2466 1134 2526 siccum

122 2551 265 2608 mortario
289 2552 406 2611 teritur.
443 2551 548 2611 Cetera
570 2552 666 2628 pridie
690 2558 838 2611 macerata
860 2553 892 2611 in
915 2569 993 2631 aqua
1020 2556 1135 2615 commi·

122 2644 245 2696 scantur
259 2636 418 2714 diligenter
432 2647 463 2697 et
480 2636 590 2715 pastilli
607 2639 770 2718 tinguntur,
790 2639 909 2718 quidam
929 2641 1063 2719 pondere
1079 2640 1134 2721 iil,

123 2724 243 2802 quidam
266 2725 435 2799 victoriati(
463 2724 578 2786 llantur
601 2727 638 2787 ad
661 2735 787 2787 aetatem
811 2731 959 2808 cuiusque
983 2748 1021 2790 ex
1044 2748 1133 2810 aquae

122 2813 247 2891 frigidae
275 2814 417 2875 remissae
446 2812 560 2892 cyathis
587 2814 685 2876 tribus
713 2824 764 2877 aut
792 2815 917 2877 duobus
963 2818 1062 2899 Atque
1089 2817 1134 2879 ille

68 2921 103 2970 30
123 2901 243 2980 quidem
270 2900 405 2980 pastillus
432 2901 508 2962 bene
535 2904 605 2966 lacit
632 2900 705 2986 <et>
734 2905 771 2966 ad
798 2905 1011 2988 dysintericos,
1038 2908 1134 2969 idest

122 2992 310 3051 torminosos.

193 3112 226 3160 19
245 3123 284 3161 aa
301 3108 492 3163 revertamur?
555 3116 589 3165 20
608 3113 637 3165 et
650 3111 697 3164 M:
717 3111 794 3165 enim
808 3110 942 3166 Batiam
956 3112 1048 3169 Rosa.
1101 3118 1133 3166 22

121 3175 206 3230 uncia
219 3177 266 3231 M:
285 3175 384 3232 unciae
398 3178 435 3245 R,
451 3181 515 3235 item
528 3181 614 3249 infra.
670 3188 704 3236 23
719 3181 842 3237 balansti
854 3180 894 3235 L:
912 3181 1086 3239 balaustium
1099 3183 1133 3238 R.

122 3251 157 3299 24
175 3247 259 3328 uncia
278 3252 327 3302 M:
345 3248 446 3304 unciae
460 3250 495 3305 R.
564 3252 613 3320 opi
630 3252 669 3306 L:
690 3250 748 3320 opii
765 3252 801 3306 R.
874 3256 908 3306 25
928 3253 1073 3310 semuncia
1089 3253 1133 3309 M:

122 3332 282 3372 semunciae
300 3318 335 3373 R.
401 3320 540 3376 cribratur
558 3322 605 3377 M:
627 3323 749 3378 siccatur
766 3322 802 3377 lt.
868 3321 973 3379 siecum
994 3326 1044 3380 M:
1063 3325 1133 3380 sicco

122 3387 159 3442 R.
227 3394 262 3443 27
281 3388 433 3460 diligenter
451 3394 480 3447 et
498 3393 544 3448 M:
563 3395 593 3449 et
610 3393 760 3461 diligenter
775 3391 811 3446 R.
879 3396 1005 3461 pondere
1023 3396 1132 3465 sampsi:

120 3464 162 3526 p0.
182 3458 219 3513 R.
291 3465 325 3516 28
349 3460 494 3518 victoriati
515 3464 617 3520 Rhoda
645 3461 788 3518 victoriati
811 3461 918 3517 denarii
940 3465 977 3520 R.
1052 3473 1086 3522 30
1105 3465 1132 3520 et

121 3543 172 3585 om.
191 3529 229 3599 R,
251 3533 340 3602 recepi
358 3549 371 3586 e
390 3533 431 3588 M
504 3535 681 3590 disintericos
699 3532 725 3586 L
743 3532 933 3600 dysentericos
952 3535 988 3592 R.
