2430 3922
474 153 695 217 ..13-

72 316 219 396 quadam,
247 315 299 376 sed
327 315 487 393 praecipue
511 313 589 393 quod
618 314 727 375 nullam
756 316 788 375 in
816 333 848 375 se
875 316 1091 395 aspritudinem

73 403 166 465 habet
189 411 225 464 ut
246 403 398 484 pleraque,
421 401 531 482 quibus
550 403 613 463 fere
632 405 818 481 inunguntur
836 403 982 464 homines.
1018 402 1092 465 Na'm

72 510 153 573 quae
182 510 219 552 ex
247 491 360 553 cadmia
388 501 440 551 aut
467 509 535 552 aere
564 499 631 552 usto
660 492 853 571 eiusdemque
882 494 1000 571 generis
1028 495 1091 571 pig·

75 583 188 642 mentis
216 587 440 661 conponuntur,
470 582 603 660 quamvis
630 583 749 641 curiose
777 588 927 663 terantur,
955 589 1091 641 naturam

75 688 162 731 suam
195 678 295 730 tamen
324 671 460 729 amittere
488 687 548 729 non
575 677 710 749 possunt.
755 669 924 748 Numquam
952 671 1031 729 enim
1059 677 1127 730 uto

72 776 168 820 sucus
188 758 354 838 diluuntur,
377 756 429 817 sed
450 775 518 818 cum
536 759 568 817 in
588 774 733 817 summam
752 756 946 819 subtilitatem
965 757 1092 818 deducta

75 849 137 908 sint
164 847 385 926 perseverantia
413 848 588 926 terentium,
621 854 719 906 tamen
752 863 877 925 corpora
910 848 996 925 quasi
1027 846 1091 925 pul-

74 935 232 996 verulenta
251 952 375 996 necesse
394 942 441 995 est
459 943 606 1014 maneant,
624 952 700 1012 quae
719 934 874 995 oculorum
893 943 993 1014 partes
1011 933 1093 994 velut

73 1024 245 1104 conligunt,
273 1032 354 1084 certe
383 1025 515 1084 exterius
542 1031 679 1102 pungunt
707 1023 850 1084 foramina
877 1025 990 1103 primae
1013 1025 1092 1084 tuni·

71 1111 160 1174 culae
181 1111 260 1173 oculi
278 1119 367 1191 atque
386 1108 467 1193 (ab)
486 1113 579 1173 initiis
598 1111 748 1172 interdum
772 1130 832 1173 non
853 1121 914 1173 tam
937 1112 1091 1172 molestam
1111 1123 1146 1174 10

75 1201 210 1262 futuram
234 1202 384 1262 concitant
407 1200 589 1280 epiphoram.

165 1287 257 1350 XXII.
299 1288 365 1359 Quo
388 1291 508 1349 nomine
536 1291 624 1349 etiam
654 1289 732 1367 quod
760 1288 808 1349 dia
836 1288 952 1368 glauciu
982 1288 1092 1348 dicitur

74 1376 173 1457 probo
196 1379 228 1438 in
255 1379 358 1438 initiis.
404 1377 477 1437 Nam
502 1386 532 1437 et
560 1376 617 1437 hoc
645 1395 754 1455 genere
779 1376 905 1457 quodam
930 1396 965 1436 ex
990 1376 1091 1436 eadem

75 1467 203 1527 materia
222 1472 339 1526 constat
362 1483 417 1526 nec
438 1464 528 1525 ullam
553 1465 766 1544 aspritudinem
789 1464 887 1546 habet,
912 1464 1028 1543 quando
1048 1467 1091 1524 sic

73 1556 271 1634 conponitur:
303 1552 391 1614 Croci
422 1572 450 1633 p.
476 1553 500 1614 ll
523 1553 554 1634 V,
588 1553 765 1614 sarcocollae
798 1572 826 1633 p.
850 1553 876 1613 ll
904 1551 944 1633 X,
977 1552 1092 1631 glaucei
1111 1564 1145 1614 15

75 1646 143 1704 suci
165 1661 194 1722 p.
209 1642 236 1702 ll
253 1640 320 1722 XX,
344 1643 528 1722 tragacanthi
551 1661 579 1721 p.
599 1642 624 1701 ll
643 1641 674 1723 V,
698 1644 748 1721 opi
770 1661 798 1722 p.
819 1642 844 1701 li
862 1641 894 1703 V.
929 1641 993 1702 lloc
1013 1643 1091 1700 enim

74 1749 134 1810 ego
157 1730 253 1792 adicio
276 1733 370 1791 etita
393 1731 499 1791 melius
523 1731 691 1810 respondet.
729 1730 788 1790 Sed
807 1731 907 1809 opium
927 1739 957 1791 et
980 1732 1011 1790 in
1035 1730 1092 1790 hoc

76 1828 108 1880 ct
127 1821 158 1880 in
178 1822 258 1881 omni
277 1818 399 1900 collyrio
416 1820 692 1899 medicamentoque
706 1838 810 1880 verum
828 1819 945 1880 adicere
965 1826 1092 1899 oportet,

76 1907 158 1987 quod
187 1926 223 1968 ex
254 1907 330 1968 lacte
361 1911 427 1987 ipso
456 1907 581 1968 silvatici
612 1910 767 1988 papaveris
795 1910 926 1987 capitum
953 1909 999 1987 fit,
1032 1926 1091 1968 non

75 2014 113 2057 ex
140 2014 211 2057 suco
235 1996 373 2057 foliorum
397 1999 475 2078 eius,
503 2005 537 2057 ut
564 1999 753 2075 pigmentarii
781 1998 934 2057 institores
958 1999 1023 2057 eius
1047 1999 1092 2056 rei
1110 2015 1144 2064 20

75 2085 240 2164 conpendii
267 2103 355 2147 causa
383 2085 505 2146 faciunt.
550 2084 624 2146 lllud
654 2087 732 2145 enim
761 2104 830 2146 curn
857 2104 963 2163 magno
991 2085 1091 2144 labore

75 2176 219 2252 exiguum
239 2173 404 2254 conficitur,
423 2174 480 2233 hoc
500 2175 564 2233 sine
583 2173 717 2234 molestia
736 2182 767 2234 et
785 2172 978 2234 abundanter.
1009 2172 1091 2232 Teri-

76 2272 129 2323 tur
157 2269 227 2323 ante
255 2265 353 2323 omnia
381 2280 502 2323 crocum
535 2280 611 2340 aqua
639 2261 796 2341 pluviatili,
829 2261 936 2321 deinde
964 2260 1091 2321 adicitur

75 2350 254 2432 sarcocolla,
282 2351 445 2432 glaucium,
473 2353 589 2430 opium,
617 2350 856 2430 tragacanthum,
884 2352 967 2427 prius
993 2351 1092 2409 omnia

76 2457 215 2501 seorsum
240 2447 387 2500 macerata
410 2458 470 2499 non
493 2439 586 2500 multa
609 2440 673 2499 cius
696 2441 815 2516 generis
839 2456 927 2519 aqua,
950 2446 984 2499 ut
1004 2455 1091 2517 quam
1111 2456 1145 2506 25

76 2530 224 2609 primum,
251 2528 281 2588 id
306 2536 365 2609 est,
388 2530 415 2588 si
438 2536 537 2606 potest
559 2529 637 2607 fieri,
661 2528 766 2589 eodem
789 2527 837 2588 die
861 2530 1010 2606 tingantur
1033 2527 1092 2588 col·

150 2667 333 2732 enumquam
346 2662 386 2716 L:
404 2680 546 2731 nunquam
561 2662 597 2717 R.
653 2670 669 2718 t
684 2663 872 2733 suptilitatem
886 2663 921 2719 L.
971 2665 1093 2719 deducto

76 2733 138 2788 sint
149 2734 262 2802 scripsit
281 2734 418 2803 perducto
431 2735 497 2788 sunt
510 2734 546 2787 Μ
557 2734 657 2788 deduci
671 2734 852 2804 nonpossint
865 2735 902 2791 R.
958 2742 973 2789 't
988 2739 1092 2800 tamen,

76 2804 152 2874 qood
170 2809 236 2859 ante
253 2804 405 2859 terentium
421 2806 581 2859 collocutum
598 2806 677 2860 hotot
691 2805 730 2873 R,
748 2807 910 2874 transposui
924 2806 961 2859 Μ
977 2811 1091 2860 secutus.

76 2880 93 2930 8
117 2890 192 2944 quse
214 2875 359 2929 oculorum
377 2875 424 2930 M:
448 2892 567 2943 quorum
585 2875 706 2930 veroli.
781 2882 797 2929 9
818 2876 925 2946 primae
948 2876 1092 2930 tuniculce

77 2944 221 3014 sperling:
239 2946 332 3015 prima
345 2948 375 3000 et
387 2946 517 3000 unicolae
532 2947 592 3013 (sic)
606 2945 633 2999 L
650 2947 742 3015 primo
756 2947 785 3000 et
797 2946 953 3000 tuniculam
967 2945 1003 3001 R.
1059 2951 1092 3000 10

78 3018 115 3073 sb
132 3016 200 3071 cM
214 3017 321 3072 addidi.
377 3022 410 3071 12
429 3016 489 3082 Quo
504 3017 551 3071 M:
571 3015 652 3081 Quod
669 3016 706 3071 R.
760 3016 837 3085 quod
856 3019 904 3071 M:
923 3016 1036 3084 quidem
1055 3015 1091 3070 R.

77 3086 244 3157 diegleuciu
256 3087 296 3142 L:
314 3087 505 3158 diaglsucium
519 3087 556 3141 R.
613 3092 646 3141 14
665 3087 875 3156 espretudinem
889 3086 925 3141 L.
980 3087 1093 3154 quando

77 3157 194 3228 quidem
209 3158 253 3212 M.
309 3163 342 3213 15
358 3160 468 3228 gloucei
482 3158 517 3225 L,
536 3163 568 3211 ut
582 3158 618 3213 R.
675 3164 707 3213 16
723 3162 752 3213 et
770 3158 818 3227 opi
831 3159 865 3212 L.
915 3158 976 3211 Hoc
991 3157 1037 3212 M:
1057 3157 1094 3210 Et

76 3229 131 3284 hoc
145 3228 182 3284 R.
235 3234 268 3283 17
284 3229 339 3284 Sed
354 3230 400 3284 M:
420 3229 528 3284 scilicet
541 3228 577 3283 R.
630 3235 662 3284 18
672 3234 736 3298 poet
749 3227 1010 3297 medicamentoque
1024 3231 1094 3284 male

76 3300 256 3368 interpunxit
269 3299 306 3356 R.
361 3306 396 3355 20
410 3299 591 3370 pigmentarii
609 3316 660 3354 om.
675 3299 714 3354 M
715 3321 721 3366 3
742 3317 780 3355 an
797 3300 930 3354 vocabula
947 3297 1093 3354 institores

77 3369 140 3425 eius
157 3371 201 3425 rei
221 3371 337 3426 &lenda
354 3370 440 3426 suat?
513 3370 572 3425 eius
591 3370 645 3441 rei]
669 3369 777 3439 egregii
797 3369 825 3426 Ο.
842 3371 986 3427 Bartlrius.
1059 3376 1092 3425 21

77 3439 232 3511 conpendii
247 3440 285 3496 L:
306 3458 395 3511 comp.
412 3441 448 3496 R.
520 3447 554 3496 22
574 3446 639 3511 post
656 3441 758 3495 teritur
775 3442 845 3496 mele
862 3443 1038 3511 interpunxit
1056 3441 1093 3498 tt.

76 3516 113 3566 24
131 3511 355 3584 dragacenthum
373 3514 407 3569 L.
481 3517 515 3566 26
534 3513 633 3567 eodem
653 3512 691 3565 M
694 3534 701 3567 ε
720 3512 819 3566 eadem
836 3511 872 3568 R.
