2400 3922
110 117 154 184 90
411 114 494 171 nnn.
522 111 824 188 [Andreae-Ducitis]

109 278 240 364 possim.
286 276 421 344 Interim
443 277 517 342 uale
541 281 586 360 et,
609 276 636 340 si
660 279 767 360 uacat,
790 273 906 339 scribe.
948 297 1015 339 non
1037 295 1116 340 accu-

108 371 191 453 rate,
216 367 285 452 sed,
309 371 346 431 ut
370 388 430 452 ego
453 386 552 450 nunc,
580 362 736 448 quidquid
759 363 794 426 in
818 363 970 449 buccam,
991 385 1034 427 ne
1055 386 1118 448 per·

110 460 162 520 eat
195 455 326 521 omnino
359 455 483 520 fructus
513 456 698 517 nostrorum
729 472 925 516 sermonum.
972 451 1117 534 quamsi

109 544 238 610 litterae
270 543 455 626 restituent,
491 539 601 624 paullo
633 539 735 604 feram
764 539 870 604 leuius
901 540 1048 604 absentis
1074 539 1118 604 tui

83 633 317 717 cdeeiderium,
353 630 443 695 cuius
479 627 672 714 igniculum,
708 651 726 692 e
759 627 910 693 cubiculo
947 649 1032 694 mec·
1053 649 1120 693 cum

111 721 301 805 discederes,
329 717 448 783 sentire
476 715 576 799 coepi.
622 737 682 780 nec
705 715 820 780 deinde
843 720 939 781 tuum
961 721 1121 800 spectrum

111 809 256 875 discessit
279 807 320 871 ab
345 805 446 870 oculis
468 804 597 870 nostris.
642 803 790 870 Venetiis
814 805 978 890 [lcum.

510 1029 723 1037 ——-—

566 1226 664 1292 XLII.

169 1369 356 1456 [Andreae
381 1369 545 1436 Duditio
571 1367 833 1452 Sbardellatc]
859 1368 1066 1436 Patauium

70 1481 96 1521 ιο
550 1472 680 1545 [IV,14].
1046 1497 1051 1505 ·

202 1600 283 1669 Cum
310 1599 349 1663 de
375 1603 434 1664 tua
463 1598 648 1664 ualetudine
678 1597 837 1663 sollicitus
868 1619 987 1683 essem,
1019 1616 1121 1664 curam

111 1690 204 1755 auxit
225 1688 318 1754 filioli
335 1688 479 1771 morbus,
503 1708 567 1772 quo
586 1687 685 1751 etiam
702 1706 788 1749 nunc
804 1685 946 1771 laborat,
968 1708 1030 1752 nec
1048 1687 1121 1752 satis

111 1777 281 1861 explorata
303 1774 415 1839 salute.
460 1796 512 1838 me
541 1795 669 1859 quoque
696 1773 814 1838 leuiter
840 1774 1002 1839 febricula
1025 1779 1123 1840 tenta·

110 1865 172 1947 uit,
197 1884 260 1946 qua
283 1861 390 1926 triduo
414 1882 486 1925 sum
509 1861 578 1926 sine
600 1860 798 1927 medicorum
820 1862 1023 1949 interuentu,
1048 1869 1128 1928 tem-⁷

71 1972 96 2014 15
110 1954 224 2037 perata
247 1950 415 2014 dumtaxat
442 1949 548 2013 uictus
575 1949 713 2036 ratione,
742 1950 909 2016 liberatus.
955 1951 1053 2017 Nunc
1075 1974 1122 2016 ex·

111 2039 278 2126 pediendis
304 2037 446 2125 negotiis
474 2059 606 2122 operam
634 2039 688 2124 dc,
717 2042 767 2123 ut,
798 2039 825 2102 si
855 2039 979 2104 amicus
1007 2044 1122 2124 noster,

112 2132 271 2197 bonarum
298 2127 417 2194 artium
444 2131 614 2213 patronus,
643 2149 805 2192 summum
831 2126 926 2192 illum
957 2128 1121 2215 dignitatis

112 2221 238 2306 apicem
267 2216 427 2303 attigerit,
460 2239 556 2301 quam
584 2216 725 2301 primum
757 2214 923 2299 possimus
952 2238 1128 2282 accurrere

112 2328 208 2389 saepe
232 2307 318 2369 enim
341 2310 373 2369 et
396 2304 515 2370 litteris
539 2309 571 2369 et
594 2305 756 2389 praesenti
780 2318 937 2383 sermone,
950 2322 1071 2390 cupere
1091 2326 1121 2370 se

72 2413 97 2452 ac
112 2393 295 2457 consultum
336 2392 518 2456 rationibus
559 2393 639 2456 meis
680 2391 899 2458 amantissime
940 2392 1129 2480 declarauit,

110 2479 191 2545 mihi
214 2482 323 2544 autem
347 2478 454 2541 omnia
484 2482 563 2541 sunt
587 2478 622 2541 in
649 2499 701 2564 ec,
732 2485 769 2544 ut
799 2480 867 2545 otio
889 2480 1043 2548 litterato·
1061 2481 1121 2547 frui

109 2567 218 2652 liceat,
248 2565 344 2631 nulla
366 2584 474 2628 rerum
504 2564 751 2632 domesticarum
782 2590 857 2633 cura
887 2562 1122 2655 interpellante.

111 2655 197 2739 quod
220 2655 248 2720 si
271 2651 479 2736 assequimur,
501 2651 608 2716 ualeat
630 2655 781 2721 ambitio:
804 2656 954 2722 uiuamus
970 2660 1071 2725 nobis
1092 2662 1125 2723 et

109 2743 213 2810 Musis
243 2746 275 2807 et
303 2762 340 2804 eo
368 2738 498 2822 quidem
527 2740 647 2827 animo,
679 2748 716 2809 ut
745 2746 859 2812 omnia·
880 2747 1059 2813 referamus
1085 2746 1124 2811 ad

71 2851 97 2892 as
111 2834 226 2917 Deum,
249 2842 268 2895 a·
290 2849 353 2912 quo
377 2849 442 2892 uno
465 2828 605 2896 felicitas
623 2853 700 2897 uera
718 2836 846 2918 pendet.
889 2835 976 2919 quod
996 2837 1123 2920 quidem

111 2923 175 2987 tibi
198 2916 299 2986 uideri
319 2937 358 2980 ex
377 2916 443 2982 tuis
460 2917 580 2985 litteris
599 2921 693 2987 facile
716 2924 860 2989 coniicic.
906 2924 989 2989 Miro
1014 2929 1126 2990 teneor

112 3009 268 3074 desiderio
296 3004 445 3069 ueniendi
472 3008 513 3071 ad
540 3013 586 3096 te,
615 3012 671 3077 sed
697 3012 780 3076 hanc
808 3012 995 3077 facultatem
1023 3013 1126 3079 multa

111 3098 267 3180 eripiunt,
299 3093 489 3176 praesertim
521 3111 619 3185 aeger
648 3099 747 3182 filius,
780 3121 876 3183 quem
908 3101 972 3164 tibi
1002 3107 1037 3166 et
1065 3122 1124 3186 pro

109 3189 221 3249 nostra
248 3181 391 3248 amicitia
419 3187 451 3247 et
477 3207 538 3269 pre
565 3209 651 3252 noua
678 3186 902 3251 coniunctione
932 3211 1002 3253 esse
1032 3190 1125 3256 caris·

199 3394 285 3458 apro
308 3392 421 3446 nomine
444 3393 475 3447 in
497 3393 622 3448 editione
643 3399 709 3448 1571
734 3394 763 3445 et
781 3392 811 3444 in
829 3393 882 3460 eis,
907 3412 979 3462 quae
1005 3413 1126 3468 sequun-

109 3462 164 3530 tur,
185 3459 335 3516 asteriscus
353 3463 463 3531 positus
482 3466 533 3518 est.
