2400 3922
458 165 676 233 ..95-

58 331 147 392 etiam
176 330 204 390 si
232 344 339 389 cancer
366 334 504 410 temptat3
535 339 580 390 est
608 338 707 393 autem
736 330 814 391 lene:
847 333 1074 415 Auripigmenti,

58 417 139 499 quod
168 416 276 478 Graeci
302 409 461 494 ἀρσενικὸν
488 418 604 500 dicunt,
636 438 664 498 p.
688 417 713 478 ll
741 417 791 500 Vl,
824 421 901 479 aeris
934 438 1074 500 squamae

57 526 85 588 p.
100 505 128 567 X
146 505 203 582 ΙΙΙ,
222 505 338 566 elaterii
355 523 384 583 p.
399 504 425 566 li
444 505 469 585 1,
489 506 608 568 chartae
627 507 789 569 conbustae
809 509 918 568 cineris
938 528 966 587 p.
981 509 1007 568 ΙΙ
1025 508 1074 570 ΙΙΙ.

59 595 134 658 Cum
158 612 236 674 opus
262 601 320 674 est,
348 593 493 656 coclearia
521 597 579 656 tria
607 614 692 657 rosae
717 596 822 676 cyatho
845 599 1074 678 permiscentur,

56 684 129 745 inde
151 683 274 744 linteola
297 690 399 761 carpta
422 686 636 763 continguntur
664 693 752 764 atque
780 687 820 745 ita
849 686 943 746 ulceri
971 701 1109 765 super-c

58 782 222 853 ponuntur.
268 770 331 832 lloc
364 771 613 834 medicamentum
642 775 701 834 cito
730 781 760 834 et
790 776 853 834 sine
883 773 943 835 ullo
971 792 1075 836 morsu

59 868 206 941 expurgat
229 860 434 921 sordidissima
457 860 564 922 ulcera.

149 947 354 1010 ccxxxvlu.
386 947 481 1010 Omne
504 968 613 1028 purum
637 949 723 1011 ulcus
744 959 775 1012 et
794 969 956 1012 concavum
979 950 1075 1031 replet

58 1037 182 1100 basilice
205 1055 274 1099 rosa
297 1037 402 1117 diluta,
428 1045 462 1099 ut
485 1041 624 1118 superius
648 1039 723 1120 dixi,
751 1042 871 1119 proprie
896 1048 995 1102 autem
1017 1040 1075 1103 hoc

59 1126 324 1188 medicamentum:
354 1125 499 1187 Medullae
523 1127 662 1189 vitulinae
687 1148 714 1207 p.
734 1128 759 1189 ΙΙ
783 1128 849 1209 ΙΙΙΙ,
873 1131 967 1208 adipis
991 1146 1129 1195 ense-10

60 1217 120 1276 rini
149 1234 178 1294 p.
198 1214 224 1277 X
246 1214 286 1294 11,
314 1213 416 1295 butyri
442 1215 516 1294 pii
542 1215 583 1296 ΙΙ,
609 1216 755 1278 medullae
780 1219 916 1278 cervinae
944 1237 971 1297 p.
991 1216 1016 1278 h
1040 1218 1075 1300 ll,

60 1321 148 1366 cerae
167 1321 196 1383 p.
211 1302 237 1363 h
255 1302 323 1384 llll,
341 1303 559 1365 terebinthinae
577 1304 644 1384 pli
662 1303 703 1387 ΙΙ,
721 1304 817 1365 mellis
835 1304 933 1383 pondo
953 1324 1074 1366 sescun-

60 1394 119 1474 cia,
149 1410 236 1453 rosae
263 1392 363 1470 pondo
391 1395 554 1454 sescuncia.
600 1392 708 1454 Resina
737 1411 805 1454 cum
832 1411 900 1453 rosa
927 1393 1075 1476 liquescit,

60 1484 110 1543 cui
133 1482 300 1541 miscentur
322 1480 432 1542 calenti
453 1481 512 1542 mel
535 1490 565 1542 et
588 1499 669 1564 cera,
698 1501 766 1543 crim
790 1500 858 1542 ocra
880 1481 1076 1560 praecollecta

59 1571 92 1630 in
129 1570 257 1630 ferventi
293 1587 369 1648 aqua
405 1570 632 1631 contunduntur
669 1578 757 1650 atquc
794 1573 835 1631 ita
869 1569 1075 1651 superioribus
1095 1585 1128 1635 15

59 1660 236 1720 miscentur.

151 1744 369 1807 ccxxxvuu.
397 1745 492 1807 Omne
510 1746 597 1807 ulcus
616 1747 769 1808 luxurians
784 1755 814 1807 et
828 1765 968 1808 crescens
986 1765 1075 1808 carne

61 1837 226 1915 compescit
248 1834 383 1896 chalcitis
406 1853 460 1914 per
480 1853 512 1895 se
531 1837 601 1897 trita
620 1836 667 1897 vel
689 1838 767 1896 aeris
790 1835 845 1896 llos
864 1845 958 1898 ustus.
994 1835 1075 1897 Bene

60 1931 162 1986 autem
190 1931 220 1984 et
250 1925 372 2002 proprie
404 1923 461 1985 hoc
492 1924 743 1986 medicamentum
772 1925 855 2005 lacit,
888 1943 947 2005 quo
975 1925 1075 2004 Meges

61 2012 215 2074 utebatur:
244 2011 340 2073 Calcis
362 2012 444 2072 vivae
472 2031 500 2092 p.
519 2013 545 2073 ΙΙ
568 2012 607 2094 ΙΙ,
634 2015 712 2074 turis
738 2033 766 2092 p.
786 2013 812 2073 ΙΙ
835 2014 860 2095 Ι,
888 2015 966 2074 aeris
989 2031 1075 2093 squa·
1094 2028 1129 2076 2ο

60 2100 268 2180 mmphl

152 2187 259 2250 CCXL.
295 2189 437 2269 Tryphon
464 2190 622 2269 chirurgus
655 2208 776 2251 carnem
808 2192 987 2251 eminentem
1019 2190 1076 2250 hoc

60 2278 279 2340 medicamento
299 2277 519 2356 compescebat:
542 2278 627 2339 heris
646 2278 728 2338 floris
749 2280 810 2338 usti
833 2296 861 2356 p.
880 2278 905 2337 li
924 2276 974 2357 Vl,
998 2277 1076 2338 chal·

61 2368 130 2429 citis
162 2375 246 2428 ustae
278 2387 307 2447 p.
331 2366 357 2426 ΙΙ
383 2366 451 2447 ΙΙΙΙ,
483 2368 574 2446 misys
607 2369 668 2428 usti
699 2386 728 2446 p.
752 2366 778 2425 li
804 2365 870 2446 llll,
904 2369 981 2426 aeris
1014 2368 1076 2427 usti

60 2456 131 2537 pli
150 2454 212 2517 llll.
248 2453 312 2516 lloc
335 2472 404 2516 acre
423 2463 469 2515 est
488 2462 519 2516 et
537 2457 622 2534 quasi
642 2457 808 2516 cauterium
831 2462 964 2516 crustam
986 2455 1076 2515 altam
1093 2467 1128 2517 25

61 2546 146 2626 lacit,
175 2543 370 2623 quamobrem
397 2561 504 2604 cancer
531 2561 591 2603 non
619 2547 731 2624 patitur
754 2546 917 2624 inpositum
946 2562 1076 2625 serpere,

62 2652 181 2695 omnem
206 2635 394 2712 eruptionem
422 2634 574 2711 sanguinis
597 2632 690 2694 veluti
712 2636 879 2695 cauterium
907 2636 993 2695 sistit.
1039 2632 1078 2692 Et

61 2722 120 2784 hoc
144 2729 243 2783 autem
267 2729 397 2801 atquae
421 2720 548 2781 diximus
571 2723 734 2804 imminuit3
763 2726 934 2784 cicatricem
957 2739 1076 2800 quoque

62 2810 160 2891 ducit,
187 2812 214 2870 si
236 2811 305 2889 quis
333 2812 426 2870 tincto
450 2816 643 2889 extractoque
673 2811 809 2889 specillo,
837 2810 915 2888 quod
940 2811 968 2867 ei
992 2809 1076 2886 quasi

61 2899 161 2980 pulvis
184 2899 365 2978 adhaeserit,
389 2899 495 2976 exiguo
519 2916 586 2958 oras
610 2897 720 2958 ulceris
744 2899 884 2975 tetigerit.
927 2895 984 2955 Sed
1008 2912 1074 2972 pro·
1094 2908 1129 2957 30

61 2990 129 3069 prie
152 2988 323 3049 cicatricem
345 2985 559 3047 medicamenta
581 2986 655 3046 haec
679 2985 806 3046 ducunt:

154 3075 275 3137 CCXLl.
304 3074 507 3154 Emplastrum
525 3074 629 3135 efficax
653 3073 689 3134 ad
709 3075 877 3134 cicatricem
898 3070 1075 3132 ducendam:

64 3164 194 3245 Spumae
217 3171 375 3243 argenteae
398 3182 425 3244 p.
445 3163 471 3223 ΙΙ
490 3163 527 3244 L,
550 3165 626 3243 misy
645 3165 718 3244 usti,
742 3161 875 3223 chalcitis
899 3166 993 3241 ustae,
1016 3157 1076 3220 alu·

137 3319 202 3373 let
220 3317 278 3373 iam
296 3315 332 3374 R.
400 3318 463 3373 lene
481 3316 528 3371 M:
547 3316 608 3370 leve
622 3315 658 3371 R.
727 3312 862 3370 tonans
882 3313 930 3365 M:
951 3311 1021 3367 cinis
1040 3312 1075 3366 R.

63 3395 80 3445 e
99 3388 241 3472 superius]
259 3405 281 3445 c.
297 3393 358 3444 210.
419 3386 531 3458 proprie
550 3387 652 3441 Rhode
677 3402 764 3455 prope
782 3385 818 3441 R.
888 3389 920 3438 12
940 3384 1031 3438 mellis
1049 3380 1077 3436 Ξ

61 3479 89 3532 p.
106 3476 262 3527 sescuncia,
281 3475 360 3514 rosae
379 3456 405 3512 ii
423 3476 450 3527 p.
465 3456 610 3513 sescuncia
627 3456 663 3511 B.
729 3461 762 3510 14
782 3473 845 3511 oum
864 3454 939 3525 cero]
960 3471 998 3509 an
1016 3457 1077 3508 tum

63 3533 177 3588 cetera?
250 3535 284 3584 22
304 3528 430 3599 Triphon
448 3528 485 3584 R.
558 3532 593 3581 24
611 3525 697 3597 mysis
716 3526 752 3583 R.
824 3532 858 3582 33
877 3524 961 3596 mysii
979 3524 1016 3580 B.
