2430 3922
525 196 745 262 -34-

128 363 194 423 oleo
213 369 314 422 vetere
336 362 434 420 necati
456 359 570 420 faciunt
592 361 623 419 in
645 356 785 437 plumbea
808 356 917 438 puxide
941 357 1032 440 clusi,
1057 377 1143 438 quam

129 450 235 512 diebus
269 448 463 528 quadraginta
495 447 653 526 diligenter
689 446 836 525 alligatam
867 454 987 525 oportet
1023 446 1141 508 habere.

127 538 235 600 Postea
254 556 290 598 ex
309 555 343 598 ea
365 539 456 616 pinna
475 535 650 596 oblinendae
674 544 745 596 sunt
768 542 899 595 strumae
923 552 1077 614 superque
1095 553 1142 596 eas

128 628 215 707 pellis
238 625 334 687 lanata
357 643 417 685 non
439 626 565 685 nimium
592 631 678 684 tonsa
705 623 825 701 tegendi
852 625 946 702 gratia
974 623 1143 704 inponenda

93 725 184 777 dest.
221 714 397 794 Praecipere
420 720 520 774 autem
543 719 674 792 oportet,
698 712 823 790 nequis
845 711 904 773 hoc
926 711 1142 773 medicamento

129 822 234 865 manans
257 803 394 882 inquinet
417 809 468 862 aut
494 802 678 881 inquinatas,
705 802 880 879 priusquam
903 799 1022 880 laverit,
1050 800 1087 862 ad
1111 819 1142 862 os

129 893 248 953 relerat.
412 900 415 905 “

217 975 347 1038 LXXXI.
379 975 423 1036 Ad
442 985 571 1037 strumas
591 975 675 1037 etad
694 976 820 1038 duritias
843 993 1040 1038 mammarum
1064 979 1143 1038 miri-

129 1069 184 1129 fice
216 1067 300 1147 facit,
336 1073 494 1143 antequam
527 1073 694 1144 suppurent
726 1073 757 1126 et
792 1072 861 1144 post
897 1067 1144 1144 suppurationem

76 1170 110 1218 10
129 1153 221 1216 nihilo
247 1156 353 1234 minus,
375 1152 433 1214 hoc
455 1152 718 1215 medicamentum:
741 1152 806 1215 Olei
825 1155 935 1214 veteris
958 1154 1060 1232 pondo
1078 1154 1145 1236 dua,

130 1260 251 1324 spumae
271 1249 427 1322 argenteae
446 1241 544 1320 pondo
559 1240 648 1323 libra,
667 1241 758 1321 gallae
774 1241 911 1322 Syriacae
925 1241 1026 1321 pondo
1040 1245 1145 1324 triens,

128 1350 253 1394 mannae
272 1332 349 1392 turis
367 1330 466 1410 pondo
485 1332 587 1411 uncia,
606 1329 723 1410 galbani
741 1330 839 1410 pondo
859 1333 955 1391 uncia.
984 1329 1061 1392 Cum
1079 1331 1145 1392 oleo

129 1423 269 1500 coquitur
297 1436 415 1500 spuma,
443 1418 537 1480 donec
561 1420 653 1480 cerati
681 1421 771 1498 spissi
797 1419 904 1480 haheat
927 1427 1145 1499 temperamen-

128 1518 207 1591 tum,
230 1507 336 1569 dciude
360 1508 540 1569 admiscetur
558 1509 587 1568 ei
604 1506 679 1586 galla
698 1515 729 1568 et
748 1507 913 1569 secundum
931 1508 1008 1569 hanc
1027 1526 1144 1570 manna.

77 1613 110 1663 15
130 1600 204 1661 Cum
228 1597 381 1677 emplastri
403 1596 492 1657 habet
515 1595 752 1678 spissitudinem,
775 1596 889 1657 tollitur
908 1595 944 1657 ab
964 1598 1033 1676 igne
1053 1596 1145 1658 medi·

130 1697 299 1749 cementum
332 1694 361 1746 et
393 1703 462 1745 cum
494 1683 610 1745 desinet
646 1684 776 1767 fervere,
811 1684 953 1764 paulatim
985 1685 1146 1764 galbanum

130 1777 274 1835 miscetur
296 1791 350 1852 per
372 1775 502 1833 minutas
525 1780 638 1854 partcs3
661 1771 766 1834 linitur
789 1773 880 1854 aluta,
904 1791 974 1834 cum
992 1791 1071 1852 opus
1090 1781 1145 1836 est.

130 1860 193 1922 Hoc
221 1859 470 1921 medicamentum
498 1859 624 1921 solvitur
650 1863 740 1922 tertio
768 1869 910 1941 quartove
937 1861 999 1942 die,
1031 1865 1057 1923 si
1084 1881 1144 1923 non

132 1949 363 2028 suppuraverint
398 1956 544 2029 strumae;
580 1948 633 2010 sed
666 1952 692 2010 si
727 1958 846 2030 apertae
883 1950 1009 2032 fuerint,
1046 1951 1145 2012 hieme

58 2051 111 2102 ao
130 2037 262 2116 alternis,
285 2044 397 2098 aestate
421 2036 538 2098 cotidie.

219 2124 362 2186 LXXXll.
403 2124 545 2204 Malagma
572 2125 609 2186 ad
643 2134 772 2188 strumas
799 2135 829 2187 et
856 2145 974 2187 omnem
1002 2126 1146 2189 duritiem

130 2214 303 2290 mirificum,
326 2215 398 2275 item
417 2215 453 2275 ad
472 2232 667 2275 mammarum
689 2213 879 2276 muliebrium
899 2215 1040 2276 duritiam
1060 2224 1091 2278 et
1110 2215 1146 2277 ad

130 2302 282 2384 paniculas
301 2310 332 2363 et
354 2302 390 2363 ad
414 2302 519 2365 tubera
538 2311 568 2363 et
586 2311 695 2384 cetera,
718 2322 794 2384 quae
813 2303 911 2365 subito
931 2303 1145 2387 adnascuntur,

132 2393 239 2471 recipit
256 2391 343 2451 haec:
361 2390 487 2451 Resinae
506 2390 724 2453 terebinthinae
743 2392 841 2472 pondo
856 2392 923 2474 dua,
942 2411 1030 2454 cerae
1045 2392 1144 2472 pond'o

78 2491 113 2542 25
133 2481 300 2560 semissem,
327 2478 471 2560 propolis,
500 2498 587 2559 quam
611 2479 731 2559 quidam
759 2498 858 2542 ceram
886 2498 1001 2541 sacram
1029 2490 1146 2562 vocant,

131 2565 230 2644 pondo
254 2569 453 2648 sescunciam,
479 2567 596 2646 galbani
624 2568 722 2647 pondo
746 2576 925 2650 sextantem,
953 2568 1010 2630 olei
1034 2571 1146 2631 veteris

130 2653 228 2733 pondo
257 2653 404 2714 selibram.
446 2652 526 2716 llaec
554 2658 651 2717 omnia
679 2657 744 2718 oleo
773 2658 808 2718 ad
836 2659 936 2737 ignem
962 2656 1146 2737 liquefacere

131 2750 249 2823 oportet
272 2750 302 2804 et
324 2751 427 2822 postea
449 2745 576 2805 miscere
594 2747 668 2806 visci
687 2745 723 2806 de
743 2764 856 2825 quercu
879 2745 977 2826 pondo
997 2746 1146 2825 quadran·

130 2840 205 2913 tem,
232 2833 407 2893 ammoniaci
433 2840 535 2912 guttae
557 2832 656 2913 pondo
681 2834 889 2915 quadrantem,
918 2833 1011 2895 ebisci
1035 2835 1147 2897 radicis

75 2937 111 2988 30
129 2920 230 2982 aridae
257 2920 355 3000 pondo
379 2920 586 3003 quadrantem,
614 2924 708 3001 cypiri
736 2922 858 3003 radicis,
886 2941 976 3002 quem
1003 2941 1059 2984 nos
1082 2923 1144 3002 gla-

130 3008 241 3071 diolum
259 3009 450 3091 appellamus,
468 3010 566 3089 pondo
586 3018 760 3093 sextantem,
778 3011 909 3072 faeculae
928 3010 1029 3090 pondo
1051 3013 1145 3072 trien·

130 3106 205 3179 tem,
236 3100 402 3178 aphronitri
430 3097 529 3178 pondo
558 3098 764 3181 quadrantem,
791 3100 871 3160 hssii
898 3099 1006 3179 lapidis
1034 3099 1145 3160 florum

132 3186 229 3265 pondo
262 3187 470 3267 quadrantem,
502 3189 680 3267 opopanacis
712 3188 810 3266 pondo
844 3195 1018 3249 sextantem.
1065 3187 1146 3250 llaec

204 3338 341 3409 lpyxide
358 3338 392 3393 L.
460 3337 595 3395 aciebus
613 3338 662 3393 XL
682 3339 716 3394 L.
785 3346 856 3396 ttex
874 3356 908 3397 eo
927 3340 969 3396 Μ.
1035 3345 1070 3396 10
1088 3340 1145 3396 duo

131 3408 229 3464 Aldus.
304 3416 336 3465 ll
362 3415 426 3480 post
452 3409 586 3465 miscetur
612 3410 786 3480 interposuit
812 3411 850 3480 R,
877 3427 925 3482 ego
948 3416 1013 3481 post
1039 3413 1144 3483 partes.

131 3482 165 3531 21
186 3479 307 3534 strumus
327 3481 375 3534 M:
394 3482 531 3536 strumum
548 3481 584 3538 R.
650 3486 685 3536 22
703 3480 773 3536 item
790 3481 894 3539 Rieu:
913 3482 990 3538 idem
1007 3481 1045 3539 R.
1110 3487 1143 3537 et

131 3545 259 3604 faeculae
279 3550 326 3604 M:
350 3550 457 3606 ferulae
475 3551 511 3607 R.
585 3557 618 3607 32
638 3550 767 3608 afronitri
785 3552 820 3608 L.
894 3553 955 3608 hoii
974 3553 1010 3610 R.
