<?xml version="1.0" encoding="UTF-8"?>
<!DOCTYPE html PUBLIC "-//W3C//DTD XHTML 1.0 Transitional//EN"
    "http://www.w3.org/TR/xhtml1/DTD/xhtml1-transitional.dtd">
<html xmlns="http://www.w3.org/1999/xhtml" xml:lang="en" lang="en">
 <head>
  <title>
</title>
<meta http-equiv="Content-Type" content="text/html;charset=utf-8" />
  <meta name='ocr-system' content='tesseract 3.04.00' />
  <meta name='ocr-capabilities' content='ocr_page ocr_carea ocr_par ocr_line ocrx_word'/>
</head>
<body>
  <div class='ocr_page' id='page_1' title='image "./paulimanutiiepi00fickgoog_0169.png"; bbox 0 0 2430 3922; ppageno 0'>
   <div class='ocr_carea' id='block_1_1' title="bbox 151 170 860 237">
    <p class='ocr_par' dir='ltr' id='par_1_1' title="bbox 151 170 860 237">
     <span class='ocr_line' id='line_1_1' title="bbox 151 170 860 237; baseline -0.018 0"><span class='ocrx_word' id='word_1_1' title='bbox 151 173 217 237; x_wconf 78' lang='grc'>162</span> <span class='ocrx_word' id='word_1_2' title='bbox 453 170 588 226; x_wconf 85' lang='lat' dir='ltr'>LXXXII.</span> <span class='ocrx_word' id='word_1_3' title='bbox 617 170 716 225; x_wconf 84' lang='lat' dir='ltr'>Ioanni</span> <span class='ocrx_word' id='word_1_4' title='bbox 736 170 860 227; x_wconf 81' lang='lat' dir='ltr'>Cratoni.</span> 
     </span>
    </p>
   </div>
   <div class='ocr_carea' id='block_1_2' title="bbox 107 331 1171 2187">
    <p class='ocr_par' dir='ltr' id='par_1_2' title="bbox 107 331 1171 2187">
     <span class='ocr_line' id='line_1_2' title="bbox 151 331 1171 486; baseline -0.001 -87"><span class='ocrx_word' id='word_1_5' title='bbox 151 334 353 400; x_wconf 90' lang='lat' dir='ltr'>uacationem</span> <span class='ocrx_word' id='word_1_6' title='bbox 376 333 441 398; x_wconf 92' lang='lat' dir='ltr'>sibi</span> <span class='ocrx_word' id='word_1_7' title='bbox 463 332 625 486; x_wconf 84' lang='lat' dir='ltr'>quandam</span> <span class='ocrx_word' id='word_1_8' title='bbox 648 355 667 396; x_wconf 92' lang='lat' dir='ltr'>a</span> <span class='ocrx_word' id='word_1_9' title='bbox 689 338 789 418; x_wconf 83' lang='lat' dir='ltr'>negot</span> <span class='ocrx_word' id='word_1_10' title='bbox 790 333 831 396; x_wconf 91' lang='lat' dir='ltr'>iis</span> <span class='ocrx_word' id='word_1_11' title='bbox 854 331 1001 416; x_wconf 81' lang='lat' dir='ltr'>plerique</span> <span class='ocrx_word' id='word_1_12' title='bbox 1026 337 1171 416; x_wconf 90' lang='lat' dir='ltr'>sumunt,</span> 
     </span>
     <span class='ocr_line' id='line_1_3' title="bbox 151 421 1169 510; baseline -0.004 -21"><span class='ocrx_word' id='word_1_13' title='bbox 151 447 212 510; x_wconf 85' lang='lat' dir='ltr'>ego</span> <span class='ocrx_word' id='word_1_14' title='bbox 236 424 271 488; x_wconf 90' lang='lat' dir='ltr'>in</span> <span class='ocrx_word' id='word_1_15' title='bbox 293 424 356 487; x_wconf 92' lang='lat' dir='ltr'>hoc</span> <span class='ocrx_word' id='word_1_16' title='bbox 377 425 478 508; x_wconf 85' lang='lat' dir='ltr'>negot</span> <span class='ocrx_word' id='word_1_17' title='bbox 478 421 502 485; x_wconf 90' lang='lat' dir='ltr'>ii</span> <span class='ocrx_word' id='word_1_18' title='bbox 526 442 643 507; x_wconf 86' lang='lat' dir='ltr'>genere</span> <span class='ocrx_word' id='word_1_19' title='bbox 667 421 819 503; x_wconf 89' lang='lat' dir='ltr'>omnium,</span> <span class='ocrx_word' id='word_1_20' title='bbox 842 426 880 485; x_wconf 95' lang='lat' dir='ltr'>ut</span> <span class='ocrx_word' id='word_1_21' title='bbox 902 421 989 486; x_wconf 86' lang='lat' dir='ltr'>arbit</span> <span class='ocrx_word' id='word_1_22' title='bbox 975 425 1054 506; x_wconf 85' lang='lat' dir='ltr'>tror,</span> <span class='ocrx_word' id='word_1_23' title='bbox 1075 422 1169 486; x_wconf 89' lang='lat' dir='ltr'>nobi·</span> 
     </span>
     <span class='ocr_line' id='line_1_4' title="bbox 150 509 1169 596; baseline -0.003 -19"><span class='ocrx_word' id='word_1_24' title='bbox 150 512 275 577; x_wconf 90' lang='lat' dir='ltr'>lissimo</span> <span class='ocrx_word' id='word_1_25' title='bbox 299 510 533 596; x_wconf 89' lang='lat' dir='ltr'>praestiterim,</span> <span class='ocrx_word' id='word_1_26' title='bbox 560 531 633 573; x_wconf 91' lang='lat' dir='ltr'>cum</span> <span class='ocrx_word' id='word_1_27' title='bbox 662 532 814 594; x_wconf 89' lang='lat' dir='ltr'>cuperem</span> <span class='ocrx_word' id='word_1_28' title='bbox 841 514 874 574; x_wconf 97' lang='lat' dir='ltr'>e</span> <span class='ocrx_word' id='word_1_29' title='bbox 898 509 1103 596; x_wconf 80' lang='lat' dir='ltr'>mtellegere,</span> <span class='ocrx_word' id='word_1_30' title='bbox 1132 515 1169 575; x_wconf 94' lang='lat' dir='ltr'>ut</span> 
     </span>
     <span class='ocr_line' id='line_1_5' title="bbox 151 598 1169 685; baseline -0.003 -20"><span class='ocrx_word' id='word_1_31' title='bbox 151 601 244 685; x_wconf 86' lang='lat' dir='ltr'>quasi</span> <span class='ocrx_word' id='word_1_32' title='bbox 267 600 426 666; x_wconf 89' lang='lat' dir='ltr'>rationem</span> <span class='ocrx_word' id='word_1_33' title='bbox 450 599 509 663; x_wconf 90' lang='lat' dir='ltr'>otii</span> <span class='ocrx_word' id='word_1_34' title='bbox 532 598 596 663; x_wconf 92' lang='lat' dir='ltr'>mei</span> <span class='ocrx_word' id='word_1_35' title='bbox 619 598 798 684; x_wconf 81' lang='lat' dir='ltr'><strong>redderem,</strong></span> <span class='ocrx_word' id='word_1_36' title='bbox 829 598 891 663; x_wconf 87' lang='lat' dir='ltr'>feci</span> <span class='ocrx_word' id='word_1_37' title='bbox 914 602 951 663; x_wconf 92' lang='lat' dir='ltr'>ut</span> <span class='ocrx_word' id='word_1_38' title='bbox 974 599 1014 662; x_wconf 92' lang='lat' dir='ltr'>ad</span> <span class='ocrx_word' id='word_1_39' title='bbox 1038 602 1071 662; x_wconf 90' lang='lat' dir='ltr'>te</span> <span class='ocrx_word' id='word_1_40' title='bbox 1095 599 1169 662; x_wconf 92' lang='lat' dir='ltr'>mit·</span> 
     </span>
     <span class='ocr_line' id='line_1_6' title="bbox 123 686 1168 773; baseline 0.001 -22"><span class='ocrx_word' id='word_1_41' title='bbox 123 694 262 754; x_wconf 78' lang='lat' dir='ltr'>sterem.</span> <span class='ocrx_word' id='word_1_42' title='bbox 307 712 374 753; x_wconf 91' lang='lat' dir='ltr'>non</span> <span class='ocrx_word' id='word_1_43' title='bbox 406 710 500 773; x_wconf 89' lang='lat' dir='ltr'>quas,</span> <span class='ocrx_word' id='word_1_44' title='bbox 531 709 551 750; x_wconf 91' lang='lat' dir='ltr'>a</span> <span class='ocrx_word' id='word_1_45' title='bbox 578 709 642 771; x_wconf 94' lang='lat' dir='ltr'>quo</span> <span class='ocrx_word' id='word_1_46' title='bbox 671 687 722 750; x_wconf 89' lang='lat' dir='ltr'>die</span> <span class='ocrx_word' id='word_1_47' title='bbox 750 687 790 751; x_wconf 91' lang='lat' dir='ltr'>ad</span> <span class='ocrx_word' id='word_1_48' title='bbox 819 691 852 752; x_wconf 91' lang='lat' dir='ltr'>te</span> <span class='ocrx_word' id='word_1_49' title='bbox 880 687 969 770; x_wconf 89' lang='lat' dir='ltr'>ueni,</span> <span class='ocrx_word' id='word_1_50' title='bbox 1003 686 1168 752; x_wconf 89' lang='lat' dir='ltr'>orationes</span> 
     </span>
     <span class='ocr_line' id='line_1_7' title="bbox 151 775 1168 862; baseline -0.003 -19"><span class='ocrx_word' id='word_1_51' title='bbox 151 778 321 862; x_wconf 83' lang='lat' dir='ltr'>explicaui,</span> <span class='ocrx_word' id='word_1_52' title='bbox 339 800 380 840; x_wconf 92' lang='grc'>16</span> <span class='ocrx_word' id='word_1_53' title='bbox 394 776 531 840; x_wconf 88' lang='lat' dir='ltr'>molesta</span> <span class='ocrx_word' id='word_1_54' title='bbox 549 775 686 840; x_wconf 87' lang='lat' dir='ltr'>fortasse</span> <span class='ocrx_word' id='word_1_55' title='bbox 704 776 739 840; x_wconf 91' lang='lat' dir='ltr'>in</span> <span class='ocrx_word' id='word_1_56' title='bbox 752 775 879 861; x_wconf 82' lang='lat' dir='ltr'>magnis</span> <span class='ocrx_word' id='word_1_57' title='bbox 896 775 1168 858; x_wconf 74' lang='lat' dir='ltr'>occupationibus</span> 
     </span>
     <span class='ocr_line' id='line_1_8' title="bbox 150 863 1168 951; baseline -0.003 -20"><span class='ocrx_word' id='word_1_58' title='bbox 150 870 207 931; x_wconf 92' lang='lat' dir='ltr'>aut</span> <span class='ocrx_word' id='word_1_59' title='bbox 230 888 346 950; x_wconf 93' lang='lat' dir='ltr'>parum</span> <span class='ocrx_word' id='word_1_60' title='bbox 368 865 507 929; x_wconf 89' lang='lat' dir='ltr'>iucunda</span> <span class='ocrx_word' id='word_1_61' title='bbox 530 863 593 929; x_wconf 90' lang='lat' dir='ltr'>tibi</span> <span class='ocrx_word' id='word_1_62' title='bbox 617 864 711 948; x_wconf 87' lang='lat' dir='ltr'>copia</span> <span class='ocrx_word' id='word_1_63' title='bbox 734 868 819 929; x_wconf 89' lang='lat' dir='ltr'>esset</span> <span class='ocrx_word' id='word_1_64' title='bbox 841 863 967 951; x_wconf 86' lang='lat' dir='ltr'>(decem</span> <span class='ocrx_word' id='word_1_65' title='bbox 986 864 1074 928; x_wconf 92' lang='lat' dir='ltr'>enim</span> <span class='ocrx_word' id='word_1_66' title='bbox 1092 864 1168 928; x_wconf 89' lang='grc'><strong>11111</strong></span> 
     </span>
     <span class='ocr_line' id='line_1_9' title="bbox 150 951 1168 1038; baseline -0.001 -20"><span class='ocrx_word' id='word_1_67' title='bbox 150 955 281 1018; x_wconf 91' lang='lat' dir='ltr'>omnino</span> <span class='ocrx_word' id='word_1_68' title='bbox 306 951 410 1038; x_wconf 86' lang='lat' dir='ltr'>sunt),</span> <span class='ocrx_word' id='word_1_69' title='bbox 434 953 490 1017; x_wconf 90' lang='lat' dir='ltr'>sed</span> <span class='ocrx_word' id='word_1_70' title='bbox 508 973 606 1016; x_wconf 91' lang='lat' dir='ltr'>unam</span> <span class='ocrx_word' id='word_1_71' title='bbox 624 956 752 1017; x_wconf 90' lang='lat' dir='ltr'>tantum</span> <span class='ocrx_word' id='word_1_72' title='bbox 771 973 905 1037; x_wconf 88' lang='lat' dir='ltr'>eamque</span> <span class='ocrx_word' id='word_1_73' title='bbox 924 952 1003 1018; x_wconf 88' lang='lat' dir='ltr'>satis</span> <span class='ocrx_word' id='word_1_74' title='bbox 1023 954 1168 1038; x_wconf 91' lang='lat' dir='ltr'>breuem,</span> 
     </span>
     <span class='ocr_line' id='line_1_10' title="bbox 150 1040 1168 1127; baseline 0 -21"><span class='ocrx_word' id='word_1_75' title='bbox 150 1064 210 1127; x_wconf 92' lang='lat' dir='ltr'>pro</span> <span class='ocrx_word' id='word_1_76' title='bbox 240 1040 361 1106; x_wconf 80' lang='lat' dir='ltr'>Archia</span> <span class='ocrx_word' id='word_1_77' title='bbox 391 1046 504 1125; x_wconf 89' lang='lat' dir='ltr'>poeta,</span> <span class='ocrx_word' id='word_1_78' title='bbox 534 1062 610 1104; x_wconf 88' lang='lat' dir='ltr'>sane</span> <span class='ocrx_word' id='word_1_79' title='bbox 639 1041 837 1105; x_wconf 89' lang='lat' dir='ltr'>luculentam</span> <span class='ocrx_word' id='word_1_80' title='bbox 867 1044 901 1105; x_wconf 94' lang='lat' dir='ltr'>et</span> <span class='ocrx_word' id='word_1_81' title='bbox 930 1044 1086 1105; x_wconf 88' lang='lat' dir='ltr'>ornatam.</span> <span class='ocrx_word' id='word_1_82' title='bbox 1132 1041 1168 1106; x_wconf 89' lang='lat' dir='ltr'>in</span> 
     </span>
     <span class='ocr_line' id='line_1_11' title="bbox 110 1129 1168 1215; baseline 0.003 -24"><span class='ocrx_word' id='word_1_83' title='bbox 110 1153 137 1192; x_wconf 93' lang='grc'>10</span> <span class='ocrx_word' id='word_1_84' title='bbox 152 1152 215 1214; x_wconf 91' lang='lat' dir='ltr'>qua</span> <span class='ocrx_word' id='word_1_85' title='bbox 234 1130 341 1195; x_wconf 90' lang='lat' dir='ltr'>studia</span> <span class='ocrx_word' id='word_1_86' title='bbox 359 1129 425 1215; x_wconf 90' lang='lat' dir='ltr'>illa,</span> <span class='ocrx_word' id='word_1_87' title='bbox 444 1151 525 1214; x_wconf 89' lang='lat' dir='ltr'>quae</span> <span class='ocrx_word' id='word_1_88' title='bbox 545 1129 586 1192; x_wconf 91' lang='lat' dir='ltr'>ab</span> <span class='ocrx_word' id='word_1_89' title='bbox 606 1129 807 1194; x_wconf 78' lang='lat' dir='ltr'>humanitate</span> <span class='ocrx_word' id='word_1_90' title='bbox 825 1151 944 1194; x_wconf 90' lang='lat' dir='ltr'>nomen</span> <span class='ocrx_word' id='word_1_91' title='bbox 962 1134 1168 1213; x_wconf 74' lang='lat' dir='ltr'>acceperimt,</span> 
     </span>
     <span class='ocr_line' id='line_1_12' title="bbox 151 1217 1168 1304; baseline 0 -22"><span class='ocrx_word' id='word_1_92' title='bbox 151 1218 271 1303; x_wconf 88' lang='lat' dir='ltr'>quibus</span> <span class='ocrx_word' id='word_1_93' title='bbox 295 1223 430 1303; x_wconf 88' lang='lat' dir='ltr'>uterque</span> <span class='ocrx_word' id='word_1_94' title='bbox 453 1222 602 1282; x_wconf 88' lang='lat' dir='ltr'>nostrum</span> <span class='ocrx_word' id='word_1_95' title='bbox 624 1217 759 1282; x_wconf 90' lang='lat' dir='ltr'>mirifice</span> <span class='ocrx_word' id='word_1_96' title='bbox 778 1218 964 1304; x_wconf 70' lang='lat' dir='ltr'>delectatur,</span> <span class='ocrx_word' id='word_1_97' title='bbox 987 1217 1023 1281; x_wconf 90' lang='lat' dir='ltr'>in</span> <span class='ocrx_word' id='word_1_98' title='bbox 1040 1218 1168 1282; x_wconf 89' lang='lat' dir='ltr'>caelum</span> 
     </span>
     <span class='ocr_line' id='line_1_13' title="bbox 148 1305 1169 1391; baseline 0 -20"><span class='ocrx_word' id='word_1_99' title='bbox 148 1305 302 1372; x_wconf 88' lang='lat' dir='ltr'>leudibus</span> <span class='ocrx_word' id='word_1_100' title='bbox 325 1307 534 1372; x_wconf 85' lang='lat' dir='ltr'>extolluntur.</span> <span class='ocrx_word' id='word_1_101' title='bbox 580 1305 742 1390; x_wconf 81' lang='lat' dir='ltr'>Equidem</span> <span class='ocrx_word' id='word_1_102' title='bbox 764 1328 860 1389; x_wconf 90' lang='lat' dir='ltr'>spero</span> <span class='ocrx_word' id='word_1_103' title='bbox 883 1308 961 1390; x_wconf 88' lang='lat' dir='ltr'>fore,</span> <span class='ocrx_word' id='word_1_104' title='bbox 986 1310 1033 1391; x_wconf 89' lang='lat' dir='ltr'>ut,</span> <span class='ocrx_word' id='word_1_105' title='bbox 1057 1328 1169 1391; x_wconf 90' lang='lat' dir='ltr'>quem·</span> 
     </span>
     <span class='ocr_line' id='line_1_14' title="bbox 149 1394 1168 1482; baseline 0.001 -23"><span class='ocrx_word' id='word_1_106' title='bbox 149 1396 322 1461; x_wconf 88' lang='lat' dir='ltr'>admodum</span> <span class='ocrx_word' id='word_1_107' title='bbox 345 1418 420 1482; x_wconf 85' lang='lat' dir='ltr'>ego,</span> <span class='ocrx_word' id='word_1_108' title='bbox 448 1417 522 1459; x_wconf 92' lang='lat' dir='ltr'>cum</span> <span class='ocrx_word' id='word_1_109' title='bbox 544 1394 797 1480; x_wconf 88' lang='lat' dir='ltr'>interpretabar,</span> <span class='ocrx_word' id='word_1_110' title='bbox 825 1394 995 1478; x_wconf 88' lang='lat' dir='ltr'>uoluptate</span> <span class='ocrx_word' id='word_1_111' title='bbox 1019 1417 1071 1459; x_wconf 90' lang='lat' dir='ltr'>me</span> <span class='ocrx_word' id='word_1_112' title='bbox 1096 1417 1168 1478; x_wconf 89' lang='lat' dir='ltr'>per-</span> 
     </span>
     <span class='ocr_line' id='line_1_15' title="bbox 148 1483 1167 1568; baseline 0 -20"><span class='ocrx_word' id='word_1_113' title='bbox 148 1484 242 1548; x_wconf 88' lang='lat' dir='ltr'>fundi</span> <span class='ocrx_word' id='word_1_114' title='bbox 264 1485 406 1549; x_wconf 87' lang='lat' dir='ltr'>maxima</span> <span class='ocrx_word' id='word_1_115' title='bbox 434 1483 628 1568; x_wconf 82' lang='lat' dir='ltr'>sentiebam,</span> <span class='ocrx_word' id='word_1_116' title='bbox 656 1483 702 1547; x_wconf 91' lang='lat' dir='ltr'>sic</span> <span class='ocrx_word' id='word_1_117' title='bbox 730 1488 780 1568; x_wconf 89' lang='lat' dir='ltr'>tu,</span> <span class='ocrx_word' id='word_1_118' title='bbox 809 1505 882 1548; x_wconf 88' lang='lat' dir='ltr'>eum</span> <span class='ocrx_word' id='word_1_119' title='bbox 910 1488 942 1547; x_wconf 93' lang='lat' dir='ltr'>et</span> <span class='ocrx_word' id='word_1_120' title='bbox 965 1483 1074 1566; x_wconf 89' lang='lat' dir='ltr'>ipsam</span> <span class='ocrx_word' id='word_1_121' title='bbox 1098 1506 1167 1548; x_wconf 89' lang='lat' dir='ltr'>ora-</span> 
     </span>
     <span class='ocr_line' id='line_1_16' title="bbox 108 1571 1167 1658; baseline 0.005 -26"><span class='ocrx_word' id='word_1_122' title='bbox 108 1573 272 1638; x_wconf 77' lang='lat' dir='ltr'>rationem</span> <span class='ocrx_word' id='word_1_123' title='bbox 296 1577 328 1637; x_wconf 92' lang='lat' dir='ltr'>et</span> <span class='ocrx_word' id='word_1_124' title='bbox 350 1595 456 1638; x_wconf 91' lang='lat' dir='ltr'>meam</span> <span class='ocrx_word' id='word_1_125' title='bbox 484 1572 580 1637; x_wconf 90' lang='lat' dir='ltr'>simul</span> <span class='ocrx_word' id='word_1_126' title='bbox 607 1571 909 1655; x_wconf 86' lang='lat' dir='ltr'>interpretationem</span> <span class='ocrx_word' id='word_1_127' title='bbox 936 1572 1028 1657; x_wconf 85' lang='lat' dir='ltr'>legas</span> <span class='ocrx_word' id='word_1_128' title='bbox 1051 1571 1167 1658; x_wconf 85' lang='lat' dir='ltr'>(simul</span> 
     </span>
     <span class='ocr_line' id='line_1_17' title="bbox 149 1657 1166 1748; baseline -0.002 -22"><span class='ocrx_word' id='word_1_129' title='bbox 149 1663 236 1727; x_wconf 91' lang='lat' dir='ltr'>enim</span> <span class='ocrx_word' id='word_1_130' title='bbox 258 1668 429 1747; x_wconf 89' lang='lat' dir='ltr'>utramque</span> <span class='ocrx_word' id='word_1_131' title='bbox 452 1657 578 1747; x_wconf 84' lang='lat' dir='ltr'>mitto),</span> <span class='ocrx_word' id='word_1_132' title='bbox 603 1681 670 1725; x_wconf 90' lang='lat' dir='ltr'>non</span> <span class='ocrx_word' id='word_1_133' title='bbox 697 1660 855 1724; x_wconf 88' lang='lat' dir='ltr'>minorem</span> <span class='ocrx_word' id='word_1_134' title='bbox 883 1660 989 1724; x_wconf 89' lang='lat' dir='ltr'>animo</span> <span class='ocrx_word' id='word_1_135' title='bbox 1014 1661 1166 1748; x_wconf 84' lang='lat' dir='ltr'>uolupta-</span> 
     </span>
     <span class='ocr_line' id='line_1_18' title="bbox 147 1748 1167 1835; baseline 0 -21"><span class='ocrx_word' id='word_1_136' title='bbox 147 1754 216 1814; x_wconf 87' lang='lat' dir='ltr'>tem</span> <span class='ocrx_word' id='word_1_137' title='bbox 240 1751 356 1835; x_wconf 86' lang='lat' dir='ltr'>capias.</span> <span class='ocrx_word' id='word_1_138' title='bbox 403 1751 489 1835; x_wconf 94' lang='lat' dir='ltr'>quod</span> <span class='ocrx_word' id='word_1_139' title='bbox 513 1749 541 1813; x_wconf 92' lang='lat' dir='ltr'>si</span> <span class='ocrx_word' id='word_1_140' title='bbox 567 1749 614 1812; x_wconf 90' lang='lat' dir='ltr'>ita</span> <span class='ocrx_word' id='word_1_141' title='bbox 642 1748 716 1833; x_wconf 90' lang='lat' dir='ltr'>erit,</span> <span class='ocrx_word' id='word_1_142' title='bbox 746 1748 948 1813; x_wconf 88' lang='lat' dir='ltr'>uberrimum</span> <span class='ocrx_word' id='word_1_143' title='bbox 974 1749 1091 1814; x_wconf 92' lang='lat' dir='ltr'>tulisse</span> <span class='ocrx_word' id='word_1_144' title='bbox 1114 1771 1167 1814; x_wconf 89' lang='lat' dir='ltr'>me</span> 
     </span>
     <span class='ocr_line' id='line_1_19' title="bbox 147 1837 1168 1923; baseline 0 -20"><span class='ocrx_word' id='word_1_145' title='bbox 147 1839 291 1903; x_wconf 86' lang='lat' dir='ltr'>fructum</span> <span class='ocrx_word' id='word_1_146' title='bbox 309 1839 485 1903; x_wconf 88' lang='lat' dir='ltr'>industriae</span> <span class='ocrx_word' id='word_1_147' title='bbox 505 1859 594 1901; x_wconf 90' lang='lat' dir='ltr'>meae</span> <span class='ocrx_word' id='word_1_148' title='bbox 609 1838 733 1919; x_wconf 91' lang='lat' dir='ltr'>putabo</span> <span class='ocrx_word' id='word_1_149' title='bbox 758 1842 790 1901; x_wconf 90' lang='grc'>61</span> <span class='ocrx_word' id='word_1_150' title='bbox 813 1837 900 1921; x_wconf 91' lang='lat' dir='ltr'>quod</span> <span class='ocrx_word' id='word_1_151' title='bbox 923 1837 1031 1920; x_wconf 88' lang='lat' dir='ltr'>operis</span> <span class='ocrx_word' id='word_1_152' title='bbox 1055 1860 1168 1923; x_wconf 90' lang='lat' dir='ltr'>super·</span> 
     </span>
     <span class='ocr_line' id='line_1_20' title="bbox 148 1924 1166 2012; baseline 0.002 -23"><span class='ocrx_word' id='word_1_153' title='bbox 148 1930 211 2010; x_wconf 89' lang='lat' dir='ltr'>est,</span> <span class='ocrx_word' id='word_1_154' title='bbox 243 1927 283 1989; x_wconf 88' lang='lat' dir='ltr'>ad</span> <span class='ocrx_word' id='word_1_155' title='bbox 314 1926 347 1988; x_wconf 91' lang='lat' dir='ltr'>id</span> <span class='ocrx_word' id='word_1_156' title='bbox 377 1948 415 1990; x_wconf 92' lang='grc'><strong>60</strong></span> <span class='ocrx_word' id='word_1_157' title='bbox 443 1927 519 1989; x_wconf 89' lang='lat' dir='ltr'>fiam</span> <span class='ocrx_word' id='word_1_158' title='bbox 546 1924 696 2010; x_wconf 84' lang='lat' dir='ltr'>alacrior,</span> <span class='ocrx_word' id='word_1_159' title='bbox 728 1947 792 2009; x_wconf 93' lang='lat' dir='ltr'>quo</span> <span class='ocrx_word' id='word_1_160' title='bbox 821 1925 883 1989; x_wconf 89' lang='lat' dir='ltr'>tibi</span> <span class='ocrx_word' id='word_1_161' title='bbox 911 1925 1016 2012; x_wconf 84' lang='lat' dir='ltr'>magis</span> <span class='ocrx_word' id='word_1_162' title='bbox 1044 1927 1166 1991; x_wconf 86' lang='lat' dir='ltr'>multas</span> 
     </span>
     <span class='ocr_line' id='line_1_21' title="bbox 107 2012 1167 2099; baseline 0.005 -25"><span class='ocrx_word' id='word_1_163' title='bbox 107 2034 135 2074; x_wconf 81' lang='grc'>10</span> <span class='ocrx_word' id='word_1_164' title='bbox 149 2014 289 2078; x_wconf 88' lang='lat' dir='ltr'>uirtutes</span> <span class='ocrx_word' id='word_1_165' title='bbox 317 2034 391 2078; x_wconf 92' lang='lat' dir='ltr'>cum</span> <span class='ocrx_word' id='word_1_166' title='bbox 417 2013 600 2077; x_wconf 91' lang='lat' dir='ltr'>litterarum</span> <span class='ocrx_word' id='word_1_167' title='bbox 627 2012 732 2098; x_wconf 84' lang='lat' dir='ltr'>gloria</span> <span class='ocrx_word' id='word_1_168' title='bbox 760 2013 969 2099; x_wconf 85' lang='lat' dir='ltr'>coniungenti</span> <span class='ocrx_word' id='word_1_169' title='bbox 997 2037 1096 2099; x_wconf 91' lang='lat' dir='ltr'>quam</span> <span class='ocrx_word' id='word_1_170' title='bbox 1120 2037 1167 2081; x_wconf 90' lang='lat' dir='ltr'>ce·</span> 
     </span>
     <span class='ocr_line' id='line_1_22' title="bbox 147 2101 1166 2187; baseline 0.001 -21"><span class='ocrx_word' id='word_1_171' title='bbox 147 2102 228 2167; x_wconf 91' lang='lat' dir='ltr'>teris</span> <span class='ocrx_word' id='word_1_172' title='bbox 257 2103 336 2166; x_wconf 90' lang='lat' dir='ltr'>haec</span> <span class='ocrx_word' id='word_1_173' title='bbox 364 2101 471 2166; x_wconf 86' lang='lat' dir='ltr'>studia</span> <span class='ocrx_word' id='word_1_174' title='bbox 498 2101 681 2166; x_wconf 90' lang='lat' dir='ltr'>colentibus</span> <span class='ocrx_word' id='word_1_175' title='bbox 708 2101 835 2185; x_wconf 89' lang='lat' dir='ltr'>placere</span> <span class='ocrx_word' id='word_1_176' title='bbox 866 2106 899 2167; x_wconf 90' lang='grc'>61</span> <span class='ocrx_word' id='word_1_177' title='bbox 928 2103 1062 2187; x_wconf 90' lang='lat' dir='ltr'>probari</span> <span class='ocrx_word' id='word_1_178' title='bbox 1094 2125 1166 2168; x_wconf 88' lang='lat' dir='ltr'>mea</span> 
     </span>
    </p>
   </div>
   <div class='ocr_carea' id='block_1_3' title="bbox 148 2189 1165 2278">
    <p class='ocr_par' dir='ltr' id='par_1_3' title="bbox 148 2189 1165 2278">
     <span class='ocr_line' id='line_1_23' title="bbox 148 2189 1165 2278; baseline 0 -22"><span class='ocrx_word' id='word_1_179' title='bbox 148 2191 271 2275; x_wconf 87' lang='lat' dir='ltr'>scripta</span> <span class='ocrx_word' id='word_1_180' title='bbox 293 2190 400 2255; x_wconf 91' lang='lat' dir='ltr'>uelim.</span> <span class='ocrx_word' id='word_1_181' title='bbox 447 2189 544 2274; x_wconf 89' lang='lat' dir='ltr'>Opto,</span> <span class='ocrx_word' id='word_1_182' title='bbox 567 2195 605 2254; x_wconf 93' lang='lat' dir='ltr'>ut</span> <span class='ocrx_word' id='word_1_183' title='bbox 628 2190 736 2255; x_wconf 87' lang='lat' dir='ltr'>ualeas</span> <span class='ocrx_word' id='word_1_184' title='bbox 760 2213 888 2276; x_wconf 91' lang='lat' dir='ltr'>meque,</span> <span class='ocrx_word' id='word_1_185' title='bbox 914 2195 953 2256; x_wconf 92' lang='lat' dir='ltr'>ut</span> <span class='ocrx_word' id='word_1_186' title='bbox 975 2191 1070 2278; x_wconf 85' lang='lat' dir='ltr'>facis,</span> <span class='ocrx_word' id='word_1_187' title='bbox 1094 2215 1165 2276; x_wconf 90' lang='lat' dir='ltr'>per·</span> 
     </span>
    </p>
   </div>
   <div class='ocr_carea' id='block_1_4' title="bbox 147 2278 1165 2366">
    <p class='ocr_par' dir='ltr' id='par_1_4' title="bbox 147 2278 1165 2366">
     <span class='ocr_line' id='line_1_24' title="bbox 147 2278 1165 2366; baseline 0.001 -23"><span class='ocrx_word' id='word_1_188' title='bbox 147 2285 249 2364; x_wconf 89' lang='lat' dir='ltr'>petuo</span> <span class='ocrx_word' id='word_1_189' title='bbox 269 2280 393 2366; x_wconf 85' lang='lat' dir='ltr'>diligas.</span> <span class='ocrx_word' id='word_1_190' title='bbox 430 2278 482 2343; x_wconf 81' lang='lat' dir='ltr'>Ex</span> <span class='ocrx_word' id='word_1_191' title='bbox 501 2278 645 2363; x_wconf 90' lang='lat' dir='ltr'>aedibus,</span> <span class='ocrx_word' id='word_1_192' title='bbox 668 2279 772 2362; x_wconf 91' lang='lat' dir='ltr'>pridie</span> <span class='ocrx_word' id='word_1_193' title='bbox 790 2280 860 2344; x_wconf 90' lang='lat' dir='ltr'>Kal.</span> <span class='ocrx_word' id='word_1_194' title='bbox 881 2279 950 2344; x_wconf 88' lang='lat' dir='ltr'>Oct.</span> <span class='ocrx_word' id='word_1_195' title='bbox 968 2279 1165 2344; x_wconf 89' lang='lat' dir='ltr'>MDLXXII.</span> 
     </span>
    </p>
   </div>
   <div class='ocr_carea' id='block_1_5' title="bbox 104 2842 1000 2926">
    <p class='ocr_par' dir='ltr' id='par_1_5' title="bbox 104 2842 1000 2926">
     <span class='ocr_line' id='line_1_25' title="bbox 104 2842 1000 2926; baseline 0.004 -20"><span class='ocrx_word' id='word_1_196' title='bbox 104 2865 130 2907; x_wconf 78' lang='lat'>25</span> <span class='ocrx_word' id='word_1_197' title='bbox 305 2842 440 2908; x_wconf 87' lang='grc'><strong>101111</strong></span> <span class='ocrx_word' id='word_1_198' title='bbox 464 2842 621 2909; x_wconf 81' lang='lat' dir='ltr'>Oratoni</span> <span class='ocrx_word' id='word_1_199' title='bbox 644 2845 830 2911; x_wconf 89' lang='lat' dir='ltr'>Viennam</span> <span class='ocrx_word' id='word_1_200' title='bbox 854 2855 930 2926; x_wconf 85' lang='lat' dir='ltr'>(XII,</span> <span class='ocrx_word' id='word_1_201' title='bbox 946 2855 1000 2922; x_wconf 87' lang='lat'>10).</span> 
     </span>
    </p>
   </div>
   <div class='ocr_carea' id='block_1_6' title="bbox 153 2985 1162 3069">
    <p class='ocr_par' dir='ltr' id='par_1_6' title="bbox 153 2985 1162 3069">
     <span class='ocr_line' id='line_1_26' title="bbox 153 2985 1162 3069; baseline 0.003 -19"><span class='ocrx_word' id='word_1_202' title='bbox 153 3003 156 3007; x_wconf 84' lang='grc'><strong>’</strong></span> <span class='ocrx_word' id='word_1_203' title='bbox 233 2985 419 3069; x_wconf 80' lang='lat' dir='ltr'>Epistolam</span> <span class='ocrx_word' id='word_1_204' title='bbox 441 2989 532 3051; x_wconf 91' lang='lat' dir='ltr'>tuam</span> <span class='ocrx_word' id='word_1_205' title='bbox 555 3008 574 3049; x_wconf 92' lang='lat' dir='ltr'>a</span> <span class='ocrx_word' id='word_1_206' title='bbox 596 2990 630 3051; x_wconf 93' lang='grc'>16</span> <span class='ocrx_word' id='word_1_207' title='bbox 654 2987 762 3052; x_wconf 91' lang='lat' dir='ltr'>datam</span> <span class='ocrx_word' id='word_1_208' title='bbox 784 2987 885 3053; x_wconf 86' lang='lat' dir='ltr'>XVII.</span> <span class='ocrx_word' id='word_1_209' title='bbox 909 2987 980 3052; x_wconf 89' lang='lat' dir='ltr'>Kal.</span> <span class='ocrx_word' id='word_1_210' title='bbox 1003 2987 1089 3054; x_wconf 90' lang='lat' dir='ltr'>Nou.</span> <span class='ocrx_word' id='word_1_211' title='bbox 1113 3009 1162 3053; x_wconf 90' lang='lat' dir='ltr'>ac·</span> 
     </span>
    </p>
   </div>
   <div class='ocr_carea' id='block_1_7' title="bbox 105 3073 1171 3604">
    <p class='ocr_par' dir='ltr' id='par_1_7' title="bbox 105 3073 1171 3604">
     <span class='ocr_line' id='line_1_27' title="bbox 144 3073 1162 3163; baseline 0.002 -24"><span class='ocrx_word' id='word_1_212' title='bbox 144 3075 216 3158; x_wconf 91' lang='lat' dir='ltr'>cepi</span> <span class='ocrx_word' id='word_1_213' title='bbox 241 3073 311 3140; x_wconf 82' lang='lat' dir='ltr'>VII.</span> <span class='ocrx_word' id='word_1_214' title='bbox 339 3074 410 3139; x_wconf 89' lang='lat' dir='ltr'>Kal.</span> <span class='ocrx_word' id='word_1_215' title='bbox 437 3073 528 3160; x_wconf 81' lang='lat' dir='ltr'>Dec,</span> <span class='ocrx_word' id='word_1_216' title='bbox 557 3097 595 3140; x_wconf 91' lang='lat' dir='ltr'>eo</span> <span class='ocrx_word' id='word_1_217' title='bbox 623 3097 699 3140; x_wconf 91' lang='lat' dir='ltr'>sane</span> <span class='ocrx_word' id='word_1_218' title='bbox 732 3076 921 3163; x_wconf 84' lang='lat' dir='ltr'>gratiorem,</span> <span class='ocrx_word' id='word_1_219' title='bbox 956 3099 1020 3161; x_wconf 94' lang='lat' dir='ltr'>quo</span> <span class='ocrx_word' id='word_1_220' title='bbox 1052 3077 1162 3141; x_wconf 85' lang='lat' dir='ltr'>minus</span> 
     </span>
     <span class='ocr_line' id='line_1_28' title="bbox 144 3163 1161 3251; baseline 0.003 -25"><span class='ocrx_word' id='word_1_221' title='bbox 144 3163 206 3228; x_wconf 91' lang='lat' dir='ltr'>hoc</span> <span class='ocrx_word' id='word_1_222' title='bbox 229 3168 375 3248; x_wconf 88' lang='lat' dir='ltr'>tempore</span> <span class='ocrx_word' id='word_1_223' title='bbox 403 3168 632 3247; x_wconf 86' lang='lat' dir='ltr'>exspectatam.</span> <span class='ocrx_word' id='word_1_224' title='bbox 677 3165 756 3229; x_wconf 91' lang='lat' dir='ltr'>noui</span> <span class='ocrx_word' id='word_1_225' title='bbox 785 3165 883 3251; x_wconf 91' lang='lat' dir='ltr'>enim,</span> <span class='ocrx_word' id='word_1_226' title='bbox 913 3187 1010 3249; x_wconf 86' lang='lat' dir='ltr'>quam</span> <span class='ocrx_word' id='word_1_227' title='bbox 1038 3187 1161 3229; x_wconf 87' lang='lat' dir='ltr'>uacuus</span> 
     </span>
     <span class='ocr_line' id='line_1_29' title="bbox 143 3252 1171 3339; baseline -0.002 -24"><span class='ocrx_word' id='word_1_228' title='bbox 143 3272 320 3334; x_wconf 89' lang='lat' dir='ltr'>numquam</span> <span class='ocrx_word' id='word_1_229' title='bbox 344 3252 402 3337; x_wconf 90' lang='lat' dir='ltr'>sis,</span> <span class='ocrx_word' id='word_1_230' title='bbox 424 3274 490 3317; x_wconf 93' lang='lat' dir='ltr'>non</span> <span class='ocrx_word' id='word_1_231' title='bbox 513 3257 580 3317; x_wconf 90' lang='lat' dir='ltr'>tam</span> <span class='ocrx_word' id='word_1_232' title='bbox 604 3274 623 3315; x_wconf 89' lang='grc'>1</span> <span class='ocrx_word' id='word_1_233' title='bbox 645 3256 703 3317; x_wconf 92' lang='lat' dir='ltr'>tuo</span> <span class='ocrx_word' id='word_1_234' title='bbox 727 3276 872 3339; x_wconf 85' lang='lat' dir='ltr'>numere,</span> <span class='ocrx_word' id='word_1_235' title='bbox 897 3275 993 3338; x_wconf 90' lang='lat' dir='ltr'>quam</span> <span class='ocrx_word' id='word_1_236' title='bbox 1016 3254 1058 3317; x_wconf 90' lang='lat' dir='ltr'>ab</span> <span class='ocrx_word' id='word_1_237' title='bbox 1084 3253 1171 3318; x_wconf 76' lang='lat' dir='ltr'>ami.</span> 
     </span>
     <span class='ocr_line' id='line_1_30' title="bbox 105 3341 1162 3427; baseline 0.005 -26"><span class='ocrx_word' id='word_1_238' title='bbox 105 3360 257 3404; x_wconf 80' lang='lat' dir='ltr'>cocorum</span> <span class='ocrx_word' id='word_1_239' title='bbox 278 3341 434 3426; x_wconf 85' lang='lat' dir='ltr'>negotiis,</span> <span class='ocrx_word' id='word_1_240' title='bbox 457 3363 539 3426; x_wconf 89' lang='lat' dir='ltr'>quae</span> <span class='ocrx_word' id='word_1_241' title='bbox 562 3341 609 3405; x_wconf 89' lang='lat' dir='ltr'>ita</span> <span class='ocrx_word' id='word_1_242' title='bbox 628 3341 779 3427; x_wconf 89' lang='lat' dir='ltr'>suscipis,</span> <span class='ocrx_word' id='word_1_243' title='bbox 803 3346 839 3407; x_wconf 92' lang='lat' dir='ltr'>ut</span> <span class='ocrx_word' id='word_1_244' title='bbox 863 3342 1035 3425; x_wconf 86' lang='lat' dir='ltr'>sustineas,</span> <span class='ocrx_word' id='word_1_245' title='bbox 1059 3342 1162 3407; x_wconf 89' lang='lat' dir='ltr'>donec</span> 
     </span>
     <span class='ocr_line' id='line_1_31' title="bbox 143 3428 1160 3517; baseline 0.003 -26"><span class='ocrx_word' id='word_1_246' title='bbox 143 3428 183 3492; x_wconf 91' lang='lat' dir='ltr'>ad</span> <span class='ocrx_word' id='word_1_247' title='bbox 208 3428 330 3493; x_wconf 87' lang='lat' dir='ltr'>exitum</span> <span class='ocrx_word' id='word_1_248' title='bbox 354 3430 566 3512; x_wconf 86' lang='lat' dir='ltr'>perferantur.</span> <span class='ocrx_word' id='word_1_249' title='bbox 604 3430 764 3514; x_wconf 88' lang='lat' dir='ltr'>scripsisti</span> <span class='ocrx_word' id='word_1_250' title='bbox 788 3431 890 3517; x_wconf 84' lang='lat' dir='ltr'>igitur</span> <span class='ocrx_word' id='word_1_251' title='bbox 909 3452 1018 3496; x_wconf 88' lang='lat' dir='ltr'>amore</span> <span class='ocrx_word' id='word_1_252' title='bbox 1042 3431 1160 3515; x_wconf 90' lang='lat' dir='ltr'>impul·</span> 
     </span>
     <span class='ocr_line' id='line_1_32' title="bbox 143 3518 1163 3604; baseline 0.002 -23"><span class='ocrx_word' id='word_1_253' title='bbox 143 3538 198 3581; x_wconf 90' lang='lat' dir='ltr'>sus</span> <span class='ocrx_word' id='word_1_254' title='bbox 227 3522 259 3581; x_wconf 94' lang='lat' dir='ltr'>et</span> <span class='ocrx_word' id='word_1_255' title='bbox 287 3518 394 3582; x_wconf 90' lang='lat' dir='ltr'>omnia</span> <span class='ocrx_word' id='word_1_256' title='bbox 420 3518 501 3583; x_wconf 87' lang='lat' dir='ltr'>uicit</span> <span class='ocrx_word' id='word_1_257' title='bbox 527 3519 712 3584; x_wconf 88' lang='lat' dir='ltr'>humanitas</span> <span class='ocrx_word' id='word_1_258' title='bbox 734 3522 799 3584; x_wconf 91' lang='lat' dir='ltr'>tua.</span> <span class='ocrx_word' id='word_1_259' title='bbox 846 3542 910 3604; x_wconf 94' lang='lat' dir='ltr'>quo</span> <span class='ocrx_word' id='word_1_260' title='bbox 938 3519 1001 3583; x_wconf 91' lang='lat' dir='ltr'>tibi</span> <span class='ocrx_word' id='word_1_261' title='bbox 1029 3521 1163 3585; x_wconf 89' lang='lat' dir='ltr'>nomine</span> 
     </span>
    </p>
   </div>
   <div class='ocr_carea' id='block_1_8' title="bbox 0 0 1220 3922">
    <p class='ocr_par' dir='ltr' id='par_1_8' title="bbox 0 0 1220 3922">
     <span class='ocr_line' id='line_1_33' title="bbox 0 0 1220 3922; baseline 0 1"><span class='ocrx_word' id='word_1_262' title='bbox 0 0 1220 3922; x_wconf 95' lang='lat' dir='ltr'> </span> 
     </span>
    </p>
   </div>
  </div>
 </body>
</html>
