2400 3922
472 186 694 251 ..43-

71 363 254 420 cremorem,
287 345 390 407 holera
421 345 498 408 lenia
531 367 566 408 ex
597 351 707 429 urtica,
741 347 798 426 [et]
832 349 963 430 lapatho,
996 351 1089 411 malva

71 434 151 496 lacta
182 434 340 514 torpedine
372 434 524 496 interdum
555 437 684 498 admixta
716 445 746 498 et
774 455 843 498 cum
871 441 977 517 exiguo
1004 458 1089 520 pane,

71 540 241 602 aquamque
264 525 357 603 potui.

162 610 195 672 C.
232 609 315 672 Facit
338 612 414 673 hene
443 612 516 674 haec
544 615 710 693 conpositio
739 614 775 674 ad
804 616 967 695 suspirium
995 624 1025 674 et
1053 615 1088 676 ad

71 701 154 761 rocis
187 699 386 762 abscisionem
418 709 449 762 et
480 701 594 764 subitas
625 703 861 782 praefocationes
890 722 926 764 ex
956 703 1124 782 qualibets

71 806 162 850 causa
191 797 273 850 ortas
301 796 332 850 et
358 789 395 850 ad
423 808 489 871 eos,
517 792 569 869 qui
597 793 714 871 saepius
743 793 951 853 existimantur
979 792 1015 853 ab
1044 794 1087 852 in·

72 875 191 939 cubonc
225 877 339 959 deludi;
373 897 468 958 usque
496 897 531 939 eo
559 888 658 940 tamen
686 888 843 961 vexantur,
876 890 911 942 ut
937 880 1089 941 interdum

71 967 149 1027 ritae
172 965 343 1045 periculum
365 967 485 1029 adeant:
513 977 559 1030 est
582 971 661 1029 enim
684 970 789 1030 vitium
814 987 874 1029 non
898 978 1089 1031 contemnen-

71 1054 156 1135 dum,
191 1057 296 1134 utique
328 1057 360 1116 in
391 1074 532 1136 processa
565 1064 669 1118 aetate.
721 1057 836 1129 Quibus
868 1057 998 1119 dandum
1031 1061 1089 1119 erit

71 1142 324 1204 medicamentum
346 1147 482 1224 proximo
502 1146 549 1206 die
569 1148 634 1206 ¹eius
652 1148 758 1228 noctis,
782 1165 839 1226 qua
859 1148 990 1226 correpti
1010 1157 1089 1227 sunt,
1109 1159 1142 1207 10

71 1250 141 1293 cnm
169 1232 360 1294 intervallum
383 1250 401 1293 a
423 1251 527 1295 somno
550 1234 676 1295 iecerint
700 1244 730 1296 et
753 1235 832 1314 quod
861 1238 933 1296 satis
957 1242 1003 1295 est
1029 1253 1088 1295 am·

70 1319 255 1400 bularerint,
285 1339 321 1382 ex
348 1339 442 1401 aquae
471 1321 617 1402 hysopum
645 1334 697 1384 aut
723 1322 909 1384 marrubium
936 1324 1088 1383 incoctum

71 1407 212 1470 habentis
231 1409 345 1490 cyathis
364 1418 505 1490 quattuor
525 1411 570 1472 rel
589 1414 720 1491 quinque
740 1411 873 1490 pondere
889 1410 914 1470 ll
932 1413 1022 1471 unius
1041 1411 1088 1470 vel

70 1498 235 1578 victoriati,
263 1507 354 1577 prout
381 1517 431 1560 res
453 1500 661 1581 postulaverit3
691 1499 798 1561 deinde
821 1507 889 1578 post
911 1498 1000 1559 horas
1024 1506 1087 1559 tres

70 1593 251 1664 quattuorve
274 1604 392 1648 cremor
414 1590 549 1667 ptisanae
572 1588 668 1650 detur.
1107 1599 1141 1648 15

160 1674 206 1736 cl.
249 1675 332 1736 Facit
363 1675 420 1737 hoc
453 1677 702 1738 medicamentum
730 1686 760 1737 et
793 1676 829 1737 ad
862 1693 927 1756 eos,
959 1693 1088 1754 qnorum

70 1763 201 1824 musculi
228 1763 396 1825 maxillares
424 1784 493 1826 cnm
521 1767 648 1826 maximo
676 1765 778 1826 dolore
800 1766 879 1826 tensi
907 1771 978 1824 sunt
1005 1763 1087 1844 adeo,
1166 1774 1169 1781 '

70 1859 105 1912 ut
140 1853 259 1930 aperire
290 1870 324 1913 os
357 1851 438 1914 nullo
468 1853 555 1914 modo
588 1857 718 1933 possint:
750 1851 870 1916 τέτανον
896 1853 954 1914 hoc
983 1855 1087 1914 vitium

71 1938 179 2001 Graeci
202 1940 321 2022 dicunt3
344 1943 416 2003 item
440 1942 510 2003 iacit
533 1942 569 2003 ad
593 1942 781 2022 depravatam
800 1943 907 2004 faciem
925 1945 957 2002 in
976 1950 1086 2003 utram·

71 2027 145 2089 libet
172 2037 303 2108 partem:
329 2025 454 2092 novando
477 2025 612 2110 σπασμὸν
634 2030 690 2092 hoc
714 2031 793 2092 idem
821 2031 970 2110 appellant
992 2048 1087 2109 genus
1107 2041 1141 2090 20

71 2116 184 2198 morbi;
207 2120 367 2198 praecipue
387 2137 457 2179 vero
476 2119 512 2179 ad
536 2122 667 2198 pectoris
687 2129 717 2180 et
740 2119 841 2180 lateris
859 2119 976 2180 dolores
999 2118 1087 2198 prod-

72 2213 119 2266 est
146 2224 184 2266 ex
212 2206 344 2286 qualibet
372 2225 461 2268 cansa
489 2207 582 2269 factos
608 2211 670 2269 sive
697 2208 808 2269 latente
831 2216 861 2267 et
884 2206 1000 2267 occulta
1025 2208 1087 2266 sive

71 2294 241 2376 manifesta,
264 2304 299 2356 ut
318 2315 353 2357 ex
376 2298 452 2376 ictu,
475 2314 560 2377 casu,
584 2304 693 2357 conatu
716 2296 815 2375 aliquo
834 2312 924 2373 supra
943 2294 1021 2353 vires
1041 2292 1087 2352 vel

69 2382 215 2462 ponderis
247 2401 337 2462 supra
367 2384 488 2445 modum
520 2386 686 2464 portatione
715 2384 760 2445 rel
789 2385 978 2463 contusione,
1011 2399 1086 2460 quae

70 2470 248 2550 frequenter
271 2472 483 2551 gladiatoribus
508 2473 643 2534 accidere
667 2472 743 2534 solet
766 2475 797 2533 in
819 2470 1033 2533 luctationibus
1057 2479 1087 2531 et
1106 2481 1141 2530 25

71 2577 178 2620 corum
206 2561 332 2622 maxime
361 2564 514 2644 sauciatis,
541 2580 597 2622 nec
625 2564 724 2623 minus
748 2561 853 2623 arbore
878 2561 935 2623 alta
959 2559 1087 2640 delapsis

70 2647 118 2708 vel
141 2647 230 2709 scalis
253 2648 414 2731 devolutis,
441 2653 576 2711 excussis
599 2669 615 2712 a
639 2650 731 2712 rheda
754 2651 800 2712 rel
823 2650 973 2712 curriculo
998 2658 1087 2728 atque

70 2737 113 2797 ita
132 2738 246 2797 tractis.
278 2736 337 2798 Sed
355 2738 412 2819 his,
430 2739 461 2799 id
480 2747 526 2800 est
545 2741 699 2800 manifesta
719 2760 755 2801 ex
775 2741 998 2816 censeremus,
1018 2754 1087 2797 cnm

71 2826 151 2886 aceti
173 2825 288 2906 cyathis
311 2826 409 2889 tribus
433 2835 609 2907 quattuorve
633 2828 727 2889 danda
751 2831 809 2889 erit
837 2827 999 2906 antidotos3
1027 2823 1086 2883 illis

70 2931 153 2994 vero,
178 2915 231 2993 qui
253 2932 289 2975 cx
313 2915 429 2978 occulta
451 2934 539 2977 causa
562 2917 710 2993 laborant,
733 2934 769 2975 ex
788 2933 864 2994 aqua
883 2913 977 2974 mulsa
995 2911 1084 2991 prod·
1105 2922 1140 2970 30

71 3003 138 3063 erit.
185 3001 343 3065 Praeterea
376 3023 536 3066 nervorum
563 3004 750 3066 tensionibus
783 3004 908 3062 mirifice
938 3001 1086 3061 convenit.

71 3088 274 3161 Quamobrem
297 3092 368 3154 lacit
391 3104 420 3155 et
444 3093 478 3153 ad
503 3093 647 3155 tremulos
670 3100 700 3153 et
724 3091 903 3152 sideratione
926 3095 1086 3167 temptatos

143 3265 209 3317 let
226 3263 336 3319 inclusi.
406 3270 439 3318 11
459 3264 514 3335 est]
534 3263 572 3320 sit
590 3264 632 3320 M.
703 3268 735 3317 13
754 3261 879 3331 pondere
896 3260 923 3314 Ξ
940 3259 1022 3314 unius
1041 3258 1088 3313 vel

70 3331 218 3388 victoriati
235 3335 348 3404 scripsi:
366 3334 393 3388 x
410 3342 451 3405 p0.
471 3335 484 3388 Ι
502 3335 547 3390 vel
565 3337 647 3390 unius
667 3335 696 3388 et
714 3332 857 3388 victoriati
875 3331 903 3388 R
922 3329 959 3386 ad
976 3329 1087 3400 pondus

71 3403 181 3459 denarii
199 3405 284 3460 unius
303 3405 349 3460 rel
368 3405 512 3461 victoriati
525 3406 567 3462 M.
629 3411 661 3460 16
677 3406 707 3460 et
724 3409 788 3459 onte
805 3405 859 3458 hoc
878 3403 968 3458 colloe.
983 3401 1021 3467 R,
1032 3416 1087 3482 ‘epo

69 3473 123 3531 buc
141 3477 312 3547 transposui.
376 3481 411 3532 20
429 3477 516 3531 iidem
536 3477 579 3532 M.
647 3480 683 3530 25
701 3476 783 3530 verbo
802 3475 946 3530 eteorum
964 3488 1087 3527 mamma

70 3546 205 3602 sauciatis
222 3548 256 3603 io
273 3547 455 3617 ouepo‘olonem
472 3549 580 3604 oocooit
597 3546 696 3614 Rhoe„
715 3561 766 3603 om.
781 3546 823 3601 M.
885 3551 919 3600 2‘1
939 3560 956 3598 a
974 3559 1026 3599 om.
1042 3544 1086 3598 M.
