2400 3922
118 129 161 194 98
411 125 534 183 XLVIII.
553 123 654 180 Ioanni
671 121 844 178 Turritiano.

115 295 265 357 accurate
293 289 393 373 petis,
419 293 458 353 ut
484 287 526 351 ad
553 287 622 351 eius
647 283 751 350 filium
774 283 973 351 liberalibus
997 286 1129 350 exeoleu·

118 379 194 443 dum
213 377 394 462 disciplinis
413 377 575 442 conferam
598 373 741 439 studium
760 378 793 437 et
811 372 1011 438 industriam
1029 393 1128 440 mean.

119 465 207 551 quod
234 466 365 551 quidem
388 470 484 530 antea
511 486 583 528 oum
610 467 643 527 et
670 483 766 545 saepe
794 466 828 525 et
851 462 1066 527 uehementer
1084 483 1131 546 pe·

117 559 227 620 terent
240 554 424 621 cardinales
448 552 574 635 aliquot
596 550 719 633 optime
743 549 782 613 de
800 571 853 614 mc
871 550 996 634 meriti,
1019 550 1129 617 inuitus

91 671 104 709 e
119 644 269 728 equidem
287 648 397 708 tamen
415 639 600 726 pernegaui,
612 659 720 722 neque
740 659 817 702 uero
837 638 972 703 obeam
987 661 1128 724 caussam,

119 733 195 817 quia
218 731 373 816 priuatim
401 729 527 812 docere,
556 725 748 811 praesertim
775 726 810 789 in
837 727 921 791 urbe
949 727 1069 811 Roma,
1092 726 1130 790 di·

119 821 276 907 gnitatem
307 841 373 883 non
404 817 524 881 habere
552 815 752 880 arbitrantur
783 813 888 879 multi.
937 816 1031 898 quod
1059 814 1129 880 mihi
1167 820 1170 883 ἔ

119 909 248 993 quidem
271 906 399 971 uidetur
422 925 521 970 secus.
567 904 653 988 quod
676 901 763 967 enim
781 902 863 967 scire
885 903 1065 969 honestum
1082 907 1129 987 est,
1168 916 1170 925 '

118 997 151 1061 id
170 1016 226 1060 cur
244 995 357 1059 docere
376 998 472 1077 turpe
487 992 539 1075 sit,
556 1015 623 1057 non
641 991 803 1077 intelligo,
823 991 880 1055 sed
897 992 1009 1058 multo
1028 992 1129 1078 magis,

80 1109 105 1148 10
119 1084 194 1166 quia
217 1083 341 1166 publici
364 1081 508 1146 muneris
532 1103 608 1145 cura
629 1080 770 1144 libenter
793 1101 812 1143 a
836 1101 888 1143 me
912 1102 976 1163 pro
1002 1101 1130 1146 commu·

116 1171 150 1234 ni
184 1170 326 1235 utilitate
358 1173 509 1253 suscepta
545 1168 639 1234 uacui
671 1190 746 1233 sane
774 1168 935 1251 temporis
967 1169 1131 1234 minimum

116 1259 272 1343 relinquit
290 1263 323 1323 et
350 1258 384 1322 id
411 1258 533 1342 ipsum,
561 1257 648 1341 quod
670 1255 877 1340 relinquitur,
899 1256 972 1321 iure
999 1257 1131 1342 quodem

117 1369 175 1412 suo
203 1347 267 1411 sibi
290 1345 458 1431 postulant
485 1350 582 1430 atque
610 1345 747 1431 exigunt
769 1344 877 1408 studia
898 1367 981 1410 mea.
1031 1368 1132 1430 quam·

117 1457 214 1519 quam
241 1435 283 1499 ab
315 1435 368 1500 his
393 1457 445 1499 me
474 1456 570 1519 saepe
597 1433 651 1498 uel
683 1431 844 1498 salutandi
873 1434 1054 1500 necessitas
1084 1433 1131 1498 uel

77 1548 103 1587 rs
117 1524 294 1589 amicorum
321 1523 434 1588 euellit
461 1522 689 1606 interpellatio.
739 1521 785 1584 ita
812 1521 1031 1587 traducuntur
1061 1523 1132 1587 dies.

116 1614 266 1698 honeste,
292 1612 431 1696 inquies.
476 1613 587 1676 fateor.
633 1609 714 1674 addo
743 1609 854 1693 etiam,
883 1609 965 1676 satis
989 1611 1132 1675 iucunde.

116 1724 183 1766 non
206 1701 293 1766 enim
320 1723 372 1765 me
394 1701 636 1786 μισάνθρωπον
659 1698 832 1783 quendam,
859 1698 1093 1765 abhorrentem
1114 1721 1133 1762 a

116 1788 347 1854 consuetudine
365 1788 533 1852 hominum
547 1791 581 1850 et
598 1787 809 1851 humanitatis
828 1792 999 1870 expertem
1017 1792 1133 1852 natura

115 1877 219 1939 finxit.
265 1880 488 1939 uerumtamen
515 1896 588 1938 eum
610 1874 668 1938 illa
690 1874 754 1938 tibi
776 1875 881 1939 noni
930 1880 986 1939 ota
1015 1877 1134 1941 studio-

75 1989 101 2026 11
115 1984 186 2028 rum
208 1966 394 2028 nostrorum
417 1961 578 2027 suauitate
600 1962 806 2046 uoluptatem
828 1983 872 2027 nu
900 1984 953 2027 am
972 1986 1134 2049 comparo.

115 2051 202 2136 quod
225 2051 253 2116 si
275 2050 471 2115 nobilissimi
490 2050 700 2114 adolescentis
723 2051 980 2115 confirmandum
999 2052 1135 2136 optimis

115 2141 241 2207 artibus
264 2139 433 2227 ingenium
456 2139 665 2224 susciperem,
692 2139 786 2204 ualde
813 2139 893 2203 mihi
922 2139 1134 2225 cogitandum

116 2237 214 2315 esset,
242 2230 319 2314 quid
347 2228 434 2313 patri
458 2228 527 2293 eius
550 2233 584 2292 et
606 2233 736 2312 patruo,
765 2227 843 2311 quid
870 2227 969 2291 etiam
993 2229 1049 2293 aui
1071 2251 1135 2294 me-

115 2320 250 2401 moriae,
273 2340 369 2401 quem
392 2317 477 2382 colui
501 2316 746 2402 studiosissime,
776 2315 855 2400 quid
876 2315 1018 2380 familiae
1044 2318 1133 2382 clari·

74 2428 100 2466 15
115 2405 176 2467 tati
196 2405 354 2469 deberem.
392 2427 487 2488 saepe
510 2405 590 2469 mihi
615 2408 795 2469 occmreret
816 2426 888 2468 mea
910 2403 992 2468 fides
1014 2409 1049 2470 et
1069 2427 1135 2470 sus-

114 2491 201 2574 cepti
229 2492 311 2555 ratio
340 2492 482 2555 muneris
506 2497 539 2555 et
565 2491 732 2555 hominum
761 2514 888 2576 quoque
921 2492 1048 2579 opinio,
1081 2494 1133 2558 cui

113 2578 318 2643 seruiendum
341 2600 409 2643 esse
432 2600 499 2642 non
521 2578 660 2662 ignoras.
707 2601 788 2662 quae
816 2581 963 2664 profecto
992 2582 1048 2645 uel
1071 2582 1133 2646 sin·

113 2665 190 2751 gula
213 2666 297 2729 tanti
322 2669 410 2749 sunt,
437 2668 474 2728 ut
497 2665 672 2729 maximam
695 2689 714 2729 a
737 2690 788 2732 me
813 2668 1018 2755 diligentiam
1042 2671 1134 2757 flagi-

113 2758 182 2818 tare
214 2753 398 2835 uideantur,
430 2774 503 2816 oum
534 2753 570 2816 in
601 2753 662 2818 hac
694 2760 745 2821 tot
777 2779 884 2822 rerum
916 2759 1132 2842 occupatione

72 2868 100 2906 ao
113 2865 154 2908 ne
177 2842 371 2908 mediocrem
394 2840 524 2924 quidem
547 2846 711 2926 praestare
734 2846 866 2929 possim.
902 2845 1007 2910 Filius
1029 2870 1133 2932 meua,

113 2932 164 2997 cui
196 2937 230 2997 te
266 2932 349 2996 bene
382 2929 518 2995 ominari
556 2933 696 3019 gaudeo,
728 2957 799 2999 mea
835 2957 913 2999 uoce
950 2934 1029 3020 iam,
1067 2957 1131 3020 qua

112 3021 257 3103 quotidie
280 3021 347 3085 fere
370 3041 464 3085 aures
488 3020 557 3086 eius
580 3027 676 3088 antea
698 3024 926 3108 personabant,
949 3024 984 3087 in
1008 3024 1131 3089 discen·

111 3109 151 3171 do
175 3131 242 3173 non
265 3108 376 3173 utitur.
422 3109 469 3174 sic
497 3110 583 3176 enim
610 3112 645 3176 in
670 3115 807 3195 utraque
836 3115 984 3175 uersatur
1006 3111 1131 3198 lingua,

108 3199 147 3258 ut
175 3218 233 3260 suo
261 3197 326 3261 iam
353 3197 460 3264 studio
489 3199 609 3284 potius,
636 3220 732 3283 quam
759 3202 870 3262 nostra
901 3198 1052 3282 proficiat
1082 3200 1130 3264 in·

69 3303 97 3345 aa
112 3283 242 3348 dustria.
289 3285 392 3362 Quare
416 3288 515 3353 uelim
542 3310 580 3352 eo
603 3292 636 3350 te
659 3307 728 3350 esse
751 3286 822 3349 loco
845 3287 957 3372 fingas,
981 3309 1045 3371 quo
1065 3310 1130 3374 ego

111 3394 190 3457 sum,
214 3376 255 3456 et,
278 3374 305 3438 si
328 3397 388 3441 nec
412 3377 511 3442 officii
534 3398 584 3440 me
603 3378 701 3458 putas
724 3373 872 3459 ignarum
896 3396 964 3438 esse
987 3397 1047 3439 nec
1071 3378 1131 3441 ob·

110 3463 205 3547 stare,
233 3464 405 3545 quominus
433 3465 540 3530 officio
564 3462 771 3545 satisfaciam,
799 3463 1001 3526 uoluntatem
1024 3464 1127 3530 uides.
