2400 3922
471 221 516 231 -
561 203 610 249 vn
656 221 698 230 -

69 350 232 430 reliquisse
264 350 392 427 ingenue
426 348 534 429 fateor,
570 350 670 427 itaque
704 357 786 428 opto,
818 357 852 409 ut
885 348 1005 409 tandem
1038 358 1090 410 aut

69 437 184 500 Ruellii
211 437 304 498 codex
333 438 443 497 iterum
471 443 522 496 aut
550 438 575 496 si
601 438 668 515 quis
692 435 767 496 alius
791 439 936 497 vetustior
960 444 990 498 et
1012 439 1087 499 inte-

72 529 157 606 grior
175 533 303 587 aetatem
326 524 395 586 tulit
418 527 449 585 in
472 525 604 585 medium
627 525 805 604 proseratur.
843 522 908 594 Quo
928 526 1005 585 facto
1025 544 1089 586 eam

70 633 192 696 quoqne
208 615 412 694 quaestionem
432 612 622 691 profligatum
640 615 679 673 iri
698 631 795 695 spero,
809 631 884 691 quac
901 631 948 673 me
962 613 1090 674 multum

72 704 186 784 diuque
205 704 295 764 torsit
313 701 536 783 deliberantem,
560 709 663 762 utrum
683 700 856 762 Scribonius
880 701 960 762 huno
979 701 1089 762 librum

71 795 111 856 de
124 792 385 868 conpositionibus
402 793 691 852 medicamentorum
710 808 760 871 an,
780 790 858 868 quod
878 790 952 851 mihi
969 790 1089 871 placuit,

72 883 298 957 conpositiones
320 880 517 957 inscripserit.
553 877 636 939 lllam
655 881 735 939 enim
754 881 990 959 inscriptionem,
1014 897 1089 958 quae

70 972 102 1031 in
121 969 222 1029 fronte
243 967 381 1028 editionis
400 969 545 1047 principis
563 966 681 1048 legitur,
706 986 722 1029 a
742 967 867 1048 Ruellio,
890 986 950 1028 non
970 967 1090 1046 abipso

71 1065 196 1119 auctore
229 1056 394 1136 profectam
427 1074 492 1116 esse
525 1058 703 1138 putaverim,
736 1058 788 1134 qui
820 1058 891 1136 quin
922 1058 1022 1137 potius
1053 1060 1091 1118 eie

70 1148 282 1222 conpositione
308 1147 609 1223 medicamentorum,
637 1153 672 1205 nt
693 1144 786 1205 Aldus
811 1163 939 1224 eumque
968 1153 1090 1206 secutus

72 1233 246 1314 Stephanus
260 1250 315 1293 sno
328 1232 422 1294 Marte
437 1233 683 1314 emendaverunt,
703 1235 872 1312 scripturus
887 1234 991 1314 brerit,
1009 1237 1091 1313 eqni·

70 1323 141 1383 dem
169 1340 232 1382 non
260 1320 372 1403 dubito,
400 1323 491 1382 sicuti
514 1320 659 1382 Galenum
686 1321 778 1382 libros
803 1321 906 1382 decem
933 1321 1000 1403 περὶ
1022 1341 1090 1383 συν-

70 1409 186 1484 θέσεως
209 1405 377 1489 φαρμάκων
394 1413 453 1471 τῶν
471 1404 546 1470 κατὰ
567 1405 678 1483 τόπους
701 1417 731 1471 et
754 1418 869 1489 septem
891 1408 959 1488 περὶ
982 1409 1088 1472 συνθέ-

71 1517 146 1573 σεως
174 1493 342 1577 φαρμάκων
363 1502 423 1559 τῶν
445 1493 518 1559 κατὰ
546 1497 617 1580 γένη
645 1500 834 1577 inscripsisse
859 1506 984 1559 constat.
1026 1496 1090 1568 Qua

72 1588 109 1649 de
128 1605 220 1648 cansa
243 1586 317 1647 mibi
335 1586 526 1648 verisimilius
546 1605 612 1648 esse
630 1589 726 1648 visum
751 1596 797 1648 est
820 1586 941 1648 alteram
965 1589 1090 1666 inscrip-

72 1678 200 1756 tionem,
229 1693 304 1753 quae
332 1677 363 1735 in
391 1674 530 1736 editionis
557 1677 702 1755 principis
726 1674 807 1737 foll
834 1675 963 1754 capitulo
991 1677 1088 1754 primo

73 1765 262 1845 praescripta
286 1771 345 1843 est,
368 1765 463 1842 ipsius
487 1782 553 1824 esse
578 1763 735 1825 Scribonii.

162 1851 218 1913 llis
237 1853 380 1929 expositis
403 1859 510 1932 restat,
533 1863 567 1914 ut
585 1854 667 1934 viris,
691 1855 743 1932 qui
766 1855 863 1914 mein
886 1853 940 1913 bac
960 1852 1088 1913 editione

73 1939 246 2002 adornanda
274 1948 304 2000 et
331 1958 364 2000 re
393 1949 423 2001 et
450 1940 575 2002 consilio
603 1941 731 2002 multum
760 1941 950 2023 adiuverunt,
981 1943 1091 2019 gratias

73 2047 158 2108 agam
187 2026 336 2108 publicas,
364 2028 530 2089 Eduardo
552 2029 750 2112 Woelfflin,
780 2032 832 2109 qui
861 2029 890 2091 C.
911 2029 943 2091 G.
962 2028 1093 2091 lluehnii

74 2123 295 2197 programmata
317 2117 484 2178 academica
503 2120 560 2177 tria
580 2136 697 2179 mecum
716 2121 958 2197 communicavit,
982 2117 1092 2196 quibus

75 2204 195 2266 0ttonis
220 2204 381 2283 Sperlingii
404 2207 435 2266 in
460 2205 649 2267 Scribonium
668 2205 797 2285 Largum
821 2206 1091 2266 animadversiones

74 2293 189 2374 aliquot
208 2292 375 2372 publicatae
395 2302 478 2375 sunt,
498 2294 629 2355 llarolo
643 2294 798 2355 Ernesto
814 2294 985 2374 Georges,
1005 2295 1091 2354 cuius

75 2381 254 2460 benignitati
273 2381 367 2442 debeo
387 2383 526 2443 editionis
541 2382 710 2443 Rhodianae
728 2382 886 2463 exemplar,
905 2383 985 2462 quod
1000 2401 1092 2462 quon·

76 2469 143 2530 dam
169 2469 200 2530 C.
220 2470 252 2530 Α.
271 2469 434 2549 Boettigcri
458 2471 529 2552 fuit,
552 2474 637 2532 ouius
660 2474 691 2532 in
715 2473 847 2551 margine
871 2471 1092 2533 emendationes

76 2556 235 2618 nonnullas
255 2557 290 2618 ab
309 2558 366 2619 boc
385 2561 449 2619 viro
470 2559 635 2639 adscriptas
654 2563 787 2643 repperi,
806 2560 922 2623 luano
941 2561 1092 2622 Mueller

77 2648 267 2726 praeceptori
286 2645 488 2729 dilectissimo,
508 2667 596 2727 quem
615 2651 646 2709 in
665 2649 791 2730 plagulis
807 2650 991 2730 corrigendis
1011 2650 1091 2710 adiu-

78 2742 174 2794 torem
198 2733 290 2795 habui
313 2735 580 2815 diligentissimum.

123 2857 296 2918 Scribebam
325 2859 475 2938 Augustae
499 2859 718 2923 Vindelicorum

141 2965 165 3006 a.
181 2946 208 3006 d.
223 2945 261 3005 lV
279 2946 317 3007 id.
333 2946 397 3009 lun.
412 2948 705 3010 lleCCLXXllVll.

708 3084 862 3166 Georgius
881 3081 1068 3149 Helmroich.
