2430 3922
151 183 214 248 136
478 185 561 242 XLV.
583 184 683 240 Ioanni
699 186 824 251 Morene.

149 358 259 419 curare
291 350 325 411 te
356 346 391 412 ln
422 347 550 435 primis,
583 349 670 433 quod
701 353 734 414 ct
766 349 950 416 maximum
970 353 1019 415 est
1047 347 1165 415 amoris

147 439 376 538 argumentum
390 437 483 501 etad
500 437 569 503 eius
587 437 724 524 gloriam
741 439 881 504 maxime
899 439 1051 524 pertinet.
1069 438 1166 504 bonis

144 527 236 595 enim
258 524 351 610 uiris,
379 547 516 610 quorum
540 527 666 591 excludi
693 549 827 593 numero
850 551 902 592 me
924 551 991 593 non
1014 526 1166 612 arbitror,

148 622 182 684 ιι
205 613 252 688 ιιι
275 577 376 678 doci'
334 617 493 678 trmarum
515 614 550 679 in
573 614 679 680 studio
703 621 833 682 uersant
819 616 922 704 tibus,
945 639 1012 681 non
1035 621 1073 682 ut
1101 579 1166 682 sibi

121 708 276 804 ⁵tantum
303 702 417 767 uiuant
449 702 579 786 priuata
610 703 748 769 delectat
699 705 823 770 ttione
850 669 1007 789 condenti,
1039 705 1097 770 sed
1129 709 1166 769 ut

148 791 271 892 ingenii
307 795 515 856 monumenta
555 791 736 876 relinquere
769 798 802 858 ιι
837 793 1023 879 posteritati
1054 797 1166 879 patere

143 905 239 951 suam
262 879 458 944 industriam
476 879 591 965 uelint,
620 883 805 966 quaemihi
833 887 1014 1036 semperst
983 882 1166 948 studiorum

146 997 182 1038 ra
183 973 229 1038 tio
257 972 397 1056 probata
363 970 628 1034 tuehementer
656 971 751 1058 est,'
742 971 782 1036 ris
804 975 842 1035 tu
864 971 893 1037 si
916 971 1020 1037 otium
1042 971 1102 1036 des
1125 976 1166 1057 et,

148 1083 211 1146 qua
239 1060 327 1125 ualcs
354 1057 442 1144 apud
470 1056 703 1142 imperatorem
735 1059 853 1146 gratia,
886 1061 1050 1148 conficias,
1082 1059 1166 1146 uide,

107 1166 134 1206 1⁰
148 1153 229 1234 quot
251 1150 338 1214 bona
360 1151 597 1232 consequantur
598 1200 605 1212 .
650 1147 759 1232 ipsum
776 1147 1009 1233 Imperatorem
1033 1113 1166 1215 timebis,

144 1238 323 1303 immortali
351 1237 468 1338 gloria,
495 1236 655 1320 probitati
683 1241 716 1301 ιι
743 1236 859 1308 uirtuti
888 1238 1037 1303 amissam
1060 1259 1165 1322 prope

147 1327 341 1413 dignitatem
367 1325 532 1410 restitues,
559 1325 741 1390 frueristu
764 1347 894 1411 quoque
921 1349 1040 1413 magna
1061 1326 1165 1391 laude

147 1438 342 1500 quamquam
356 1419 389 1480 te
408 1413 539 1500 quidem
556 1414 618 1478 hoc
632 1418 723 1498 spect
725 1437 779 1480 ιιι
796 1438 863 1480 non
882 1419 1021 1502 oportet,
1040 1416 1166 1480 adeam

143 1505 288 1592 laudem,
317 1526 413 1590 quam
436 1503 573 1587 adeptus
596 1503 660 1567 iam
684 1525 730 1590 es,
757 1504 993 1588 propemodum
1016 1505 1165 1569 accedere

107 1606 134 1648 1⁵
147 1593 231 1658 nihil
252 1617 294 1679 po
296 1597 370 1679 t,est
393 1593 449 1657 sed
471 1596 580 1656 tamen
602 1591 718 1656 frueris
737 1614 848 1657 eorum
871 1616 977 1658 amore
1002 1598 1036 1657 et
1059 1594 1166 1658 obser-

147 1687 226 1748 uant
227 1683 267 1769 ιι,
291 1686 404 1767 quost
390 1681 454 1746 tibi
471 1685 529 1744 tua
546 1679 671 1766 merita,
693 1684 750 1744 tua
768 1681 954 1767 benignitas
972 1682 1166 1747 adiunxerit.

147 1771 321 1923 Equidem,
354 1770 381 1835 ιι
406 1771 468 1834 ιιι
495 1791 554 1852 per
585 1772 809 1855 etassequar,
843 1773 880 1833 ut
907 1793 947 1834 ex
974 1770 1165 1836 turbulento

146 1863 247 1945 negot
248 1859 272 1922 ii
299 1880 416 1944 genere
445 1865 586 1921 emersus
618 1856 699 1921 adt
685 1822 902 1958 tranquillitat
869 1881 954 1924 aem
977 1860 1165 1943 perueniam

148 1952 194 2033 et,
223 1947 310 2032 quod
331 1945 492 2031 reliquum
520 1943 568 2008 uit
570 1966 607 2008 ιι
631 1945 819 2033 contigerit,
846 1947 881 2011 in
906 1951 1021 2048 optato
1044 1947 1166 2014 littera·

108 2050 134 2090 2⁰
147 2057 220 2100 rum
233 2039 332 2120 portu
346 2034 589 2118 interpellatore
603 2034 702 2120 nullo,
718 2055 838 2100 uacuus
853 2035 940 2100 omni
955 2058 1032 2101 cura
1043 2037 1164 2124 degam,

147 2125 237 2190 nulle
258 2147 310 2189 ιιι
331 2124 506 2188 erittanta
431 2143 635 2208 a11a,quam
652 2127 774 2187 nonet
797 2128 885 2187 met
871 2125 934 2188 tibi
958 2124 1076 2190 debere
1096 2149 1165 2191 con-

147 2215 241 2278 fitear
264 2217 297 2278 ιι
319 2212 460 2278 libenter
483 2217 540 2277 tua
562 2233 673 2276 caussa
692 2211 874 2295 suscipiam.
920 2213 1018 2278 istam
1038 2214 1165 2298 quidem

148 2303 318 2388 uirtutem,
347 2324 427 2386 quae
450 2324 502 2366 me
525 2323 544 2364 ι
570 2300 806 2365 molestissimis
835 2301 1106 2385 occupationibus
1128 2302 1165 2367 ad

148 2391 371 2456 suauissimam
394 2391 536 2475 quietem
555 2391 588 2451 et
606 2388 774 2472 aptissima
795 2394 929 2454 naturae
947 2413 1038 2456 meae
1062 2391 1165 2456 studia

108 2495 135 2536 2⁵
148 2478 337 2564 traduxerit,
350 2480 451 2543 feram
469 2478 504 2542 in
522 2475 624 2541 oculis
637 2477 772 2564 assidue,
791 2478 893 2543 colam
908 2478 1016 2543 animo
1032 2502 1164 2564 semper,

148 2569 285 2632 fortasse
304 2566 401 2631 etiam
415 2566 533 2630 futuris
546 2565 700 2650 gentibus
718 2565 864 2651 ignotam
883 2590 951 2632 ιιιι
969 2591 1037 2633 non
1055 2569 1164 2634 sinam

148 2655 237 2721 Vale.
260 2655 391 2741 Romae,
413 2655 455 2719 id.
477 2653 547 2719 Iun.
569 2652 731 2720 MDLXX.

551 2853 764 2860 ———-——.

607 2991 704 3057 LXV.

184 3133 436 3220 Amplissimo
461 3131 656 3198 Cardinali
678 3132 813 3198 Ioanni
835 3134 1062 3199 MoronoX
1024 3141 1062 3211 (X
1067 3145 1128 3214 ,1).

142 3325 145 3332 .
239 3275 347 3360 Turpe
371 3280 420 3341 est
442 3275 661 3359 praescribere
685 3274 833 3361 sapienti,
857 3275 935 3360 quid
954 3281 1031 3363 agat
1050 3281 1083 3341 ιι
1103 3299 1164 3363 quo

109 3386 136 3426 ιι
149 3364 244 3429 modo
269 3368 357 3451 agat,
379 3386 484 3448 neque
508 3387 568 3450 ego
592 3364 626 3427 id
648 3385 800 3448 umquam
824 3364 1039 3430 commiserim
1060 3387 1164 3452 neque

149 3453 183 3518 id
216 3456 264 3517 est
296 3457 352 3517 aut
380 3452 620 3518 consuetudinis
648 3457 704 3516 aut
730 3457 787 3516 nat
789 3474 864 3517 urae
896 3476 994 3528 meae.
1041 3477 1165 3520 uerum·

149 3546 259 3606 tamen
282 3542 481 3607 excusandus
503 3543 639 3606 fortasse
662 3541 829 3628 uidear,
804 3565 832 3606 ιι
855 3542 908 3606 uel
930 3564 950 3606 a
972 3565 1045 3608 mea
1066 3544 1166 3610 maxi-
