2400 3922
519 197 742 262 ..12-

123 380 205 423 nune
228 361 331 423 laudes
350 363 416 422 eius
439 361 566 421 referre:
589 361 620 420 in
639 359 705 420 aliis
724 361 807 420 enim
827 368 969 439 expertus
987 358 1119 439 intelleges
1170 354 1174 428 ἰ

70 450 270 530 xxsimpliois
294 453 339 512 rei
357 453 406 511 rix
426 449 591 511 credendos
610 448 743 510 effectus.
786 447 914 528 Oportet
932 466 1002 510 vero
1020 450 1119 509 minine

126 547 232 619 quater
261 541 455 619 quinquiesve
483 557 518 599 ex
546 536 701 598 intervallo
728 538 913 618 inunguere,
940 537 1046 598 deinde
1067 553 1121 598 oum

125 627 325 690 combiberint
347 627 426 688 oouli
449 627 485 687 ad
509 625 640 704 singulas
661 626 870 706 inunctiones,
894 644 931 686 ex
944 644 1030 706 aqua
1050 642 1122 706 mem

90 720 257 797 opoterint
285 719 435 778 sustinere
459 714 637 776 calidissima
660 715 801 792 spongeis
824 717 976 793 expressis
998 730 1123 793 vaporare

126 825 179 867 eos
202 805 314 867 diutius
338 805 502 882 eodemque
520 803 568 864 die
587 804 619 863 in
637 801 788 862 balineum
808 803 930 884 ducere,
951 805 994 864 ita
1017 810 1050 864 ut
1069 819 1124 863 cum

126 903 227 955 cetero
251 910 377 971 corpore
400 901 490 971 caput
513 909 633 971 quoque
656 898 687 951 et
714 891 806 951 iacies
835 890 930 952 calida
957 893 1126 970 inmergatur

126 990 156 1042 et
180 981 323 1061 foveatur,
345 982 474 1058 vinoque
493 982 551 1059 uti,
574 988 609 1040 ut
628 981 754 1059 quisque
772 979 919 1041 adsuetus
938 989 998 1062 est3
1021 988 1127 1058 postero

125 1069 173 1129 die
197 1070 223 1128 si
246 1086 304 1147 qua
326 1070 450 1147 vestigia
474 1068 634 1148 epiphorae
658 1070 869 1149 remanserint,
892 1070 1059 1148 inunguere
1079 1066 1127 1129 col·

73 1171 106 1219 10
124 1158 199 1238 lyrio
223 1155 322 1236 ahquo
346 1159 461 1217 acriore
485 1165 592 1235 aquato
616 1157 673 1217 sub
695 1174 820 1234 vespere
844 1165 875 1217 et
896 1175 1006 1218 rursus
1028 1159 1060 1217 in
1078 1155 1128 1216 bal·

123 1264 215 1308 neum
238 1245 387 1307 deducere
411 1253 442 1306 et
464 1247 566 1306 vinum
589 1245 661 1306 dare
683 1245 789 1305 eodem
815 1244 913 1306 modo.
961 1245 1038 1306 Fere
1061 1246 1128 1305 enim

125 1353 185 1397 uno
209 1334 257 1394 die
279 1334 356 1396 tollit
379 1335 553 1414 epiphoram
576 1341 607 1395 et
633 1335 793 1413 praecipue
821 1335 1018 1413 incipientem
1044 1350 1129 1413 neque

125 1424 222 1485 adhuc
254 1423 311 1484 alio
343 1423 557 1484 medicamento
590 1431 707 1483 tactam.
758 1421 817 1482 Sed
850 1423 877 1482 si
908 1440 943 1483 ea
974 1425 1021 1483 vis
1051 1423 1130 1484 fuerit

126 1512 301 1594 epiphorae,
334 1520 367 1573 ut
399 1530 460 1572 non
492 1511 578 1572 cedat
609 1528 669 1572 uno
697 1511 758 1591 die,
790 1520 951 1590 expectare
983 1510 1130 1592 oportebit,

73 1612 106 1662 15
125 1602 221 1662 donec
244 1604 363 1680 inpetus
387 1601 517 1680 sedetur,
540 1608 570 1660 et
592 1602 634 1661 ita
651 1601 683 1660 in
702 1599 841 1660 balneum
859 1599 1011 1661 deducere
1031 1607 1129 1661 cetera·

125 1708 184 1769 que
208 1690 319 1769 iacere,
347 1707 423 1768 qnae
446 1690 660 1768 praecepimus.
701 1687 783 1748 ldem
809 1687 867 1748 hoc
890 1688 1131 1749 medicamentum

125 1779 215 1838 etiam
232 1796 323 1856 supra
341 1785 520 1855 perunctum
534 1776 648 1838 tardius
663 1777 793 1856 quidem,
813 1776 864 1837 sed
880 1776 1004 1836 eosdem
1018 1777 1132 1838 effectus
1164 1798 1167 1803 ·

124 1872 269 1945 praestat,
298 1868 424 1941 maxime
451 1867 483 1924 in
511 1867 623 1925 teneris
647 1864 837 1945 corporibus,
865 1873 900 1925 ut
926 1864 1088 1927 mulierum
1108 1872 1132 1924 ct

124 1970 300 2033 puerorum,
328 1970 456 2033 qnorum
484 1952 563 2014 oculi
591 1953 702 2014 nullius
729 1953 938 2014 medicamenti
962 1955 1023 2014 rim
1052 1954 1131 2015 susti-

71 2054 106 2104 20
125 2050 205 2103 nent.
237 2041 350 2102 Triduo
369 2043 450 2101 enim
468 2052 520 2102 aut
538 2041 714 2121 plerumque
734 2041 900 2120 quadriduo
915 2041 995 2103 tollit
1008 2043 1132 2103 dolorem

125 2131 259 2192 adiutum
282 2133 330 2191 ovi
352 2131 501 2191 infusione
524 2139 555 2191 ct
577 2149 671 2210 aquae
694 2130 805 2191 calidae
827 2147 946 2209 vapore.
1172 2126 1174 2151 ²

215 2219 291 2282 Xlll.
332 2220 406 2281 ltem
440 2221 663 2300 conpositorum
695 2218 885 2298 collyriorum
918 2219 977 2279 hoc
1016 2221 1133 2280 maxime
1171 2256 1174 2279 .

125 2310 219 2387 probo
243 2309 279 2370 ad
306 2318 444 2370 recentes
473 2309 630 2389 epiphoras
660 2317 689 2369 et
717 2305 962 2368 conturbationes
986 2309 1132 2369 oculorum

46 2471 48 2475 y
125 2406 317 2475 tumoresque
351 2407 381 2457 et
412 2395 544 2457 dolores:
575 2397 663 2457 alloes
696 2396 812 2457 Indicae
844 2413 873 2474 p.
902 2394 928 2455 ll
957 2396 1028 2477 llll,
1061 2397 1134 2458 croci

72 2496 105 2546 25
124 2501 152 2560 p.
173 2484 198 2542 ii
221 2485 262 2564 ll,
290 2486 352 2561 opii
378 2503 406 2561 p.
427 2482 451 2542 Ξ
474 2484 500 2562 l,
530 2487 654 2543 commis
681 2504 709 2563 p.
730 2484 755 2544 ll
778 2483 845 2564 llll,
872 2483 1054 2562 plantaginis
1077 2486 1135 2545 suci

124 2570 246 2649 cyathos
276 2578 347 2630 tres.
394 2569 504 2629 Terere
532 2579 650 2648 oportet
678 2590 733 2649 per
761 2591 793 2633 se
821 2589 944 2633 crocum
972 2572 1134 2653 diligenter,

124 2658 231 2718 deinde
259 2665 358 2717 cetera
386 2656 550 2717 admiscere
575 2658 672 2736 pridie
696 2670 844 2721 macerata
867 2661 934 2721 suci
961 2661 1134 2741 plantaginis

124 2747 228 2827 cyatho
256 2755 344 2825 atque
372 2747 413 2805 ita
445 2744 569 2824 reliquis
597 2746 715 2809 duobus
744 2750 857 2829 cyathis
886 2749 1041 2832 admixtis,
1070 2766 1133 2811 cum

125 2838 249 2915 spissata
272 2835 398 2914 inerint,
421 2834 533 2913 fingere
557 2836 686 2917 collyria.
730 2837 897 2917 Utrumque
920 2848 1022 2899 autem
1045 2855 1134 2918 genus

70 2940 106 2989 30
124 2924 332 2985 medicamenti
365 2924 472 2983 eximie
504 2925 647 3003 prodesse
680 2927 779 2988 iudico
806 2928 990 3006 proprietate
1020 2928 1134 3008 quidem

196 3134 210 3182 1
230 3127 379 3198 intelleges
398 3131 437 3184 L:
458 3131 601 3202 intelliges
619 3133 655 3188 R.
728 3139 746 3187 4
764 3131 963 3204 combiberint]
984 3133 1135 3190 coniverint

122 3198 157 3254 L.
231 3215 264 3253 ex
287 3217 361 3268 aqna
381 3203 429 3256 M:
453 3219 541 3272 eaque
565 3204 602 3259 R.
679 3209 696 3257 d
720 3203 871 3272 sphongeis
890 3203 931 3257 L:
956 3204 1086 3275 spongiis
1102 3203 1135 3260 R.

123 3270 301 3325 dbclineum
320 3273 360 3326 L:
381 3273 536 3328 balneoli,
593 3272 714 3328 icelide
733 3275 779 3342 (=
794 3275 837 3340 aa)
854 3273 887 3327 L.
941 3271 1088 3347 inmergat
1103 3274 1135 3330 L.

123 3342 287 3396 8odsuetus
301 3343 341 3398 L:
361 3360 414 3400 ess.
429 3345 466 3400 R.
526 3343 704 3411 9inungueri
718 3342 752 3396 L.
808 3348 842 3397 14
856 3349 1007 3413 expectare
1025 3347 1136 3418 scripsi:

123 3411 267 3480 expectari
285 3413 312 3466 L
332 3418 460 3483 spectare
474 3415 510 3470 Id.
576 3420 608 3469 15
627 3414 739 3482 inpetus
757 3412 796 3466 L:
816 3414 884 3483 imp.
900 3414 937 3471 R.
1006 3423 1039 3473 17
1056 3432 1136 3489 supro

123 3482 218 3537 oeulos
237 3483 349 3538 inlitum
367 3487 408 3539 M.
469 3491 504 3539 20
524 3482 680 3554 quadriduo
698 3484 862 3552 plerumque
876 3485 911 3539 L.
967 3492 1004 3544 25
1024 3486 1137 3545 commis

122 3569 182 3627 ego:
206 3554 327 3626 gummis
346 3554 382 3610 R.
456 3561 490 3610 30
509 3554 622 3623 quidem
640 3569 690 3609 om.
710 3553 752 3608 M.
