2430 3922
119 196 161 263 88
525 195 583 252 xa.
610 194 661 250 Pa
678 193 725 250 1v.

93 364 264 442 tempore
287 357 375 442 plus,
404 378 501 443 quam
528 379 639 422 omnes
666 357 827 441 homines,
853 356 1006 441 prodesse
1034 355 1131 424 nobis

118 468 201 511 unus
230 446 348 530 possit,
377 445 540 529 idipsum
565 445 701 510 anobis
729 446 842 529 habet,
870 445 961 510 isne
987 468 1048 510 nos
1075 447 1131 511 ah-

118 557 215 618 quam
256 534 340 599 tanti
377 534 524 598 beneficii
564 534 703 620 gratiam
739 537 944 617 reposcentes
981 535 1022 598 ab
1061 557 1129 600 sese

117 623 262 687 reiiciet?
302 645 369 687 non
397 623 460 687 hoe
494 621 582 687 illius
612 626 741 705 natura,
773 644 840 686 non
870 621 1028 705 doctrina,
1065 645 1131 688 non

90 711 315 777 cconsuetudo
342 712 433 776 feret.
479 709 551 776 Sint
581 732 656 775 sane
686 708 860 775 mutabiles
890 732 1000 775 eorum
1030 711 1131 777 animi

116 823 220 885 neque
244 800 323 864 satis
346 798 380 864 in
404 797 536 863 colenda
559 799 681 864 uirtute
705 799 769 864 sibi
793 803 954 883 constent,
981 800 1020 863 fit
1044 800 1131 866 enim

117 911 222 973 saepe,
246 891 283 952 ut
301 886 486 952 uoluntates
509 887 605 952 simul
629 909 702 952 cum
724 887 855 952 fortuna
879 892 1130 953 commutentur:

117 977 151 1042 in
173 981 220 1058 te,
243 975 396 1040 Pontifex
420 975 557 1060 optime,
578 998 645 1040 non
669 975 753 1040 cadit
776 976 873 1040 huius
896 975 1131 1040 inconstantiae

117 1063 266 1147 suspicio.
312 1068 370 1128 tua
397 1068 446 1128 est
476 1065 559 1128 bene
589 1064 706 1151 agendi
736 1063 951 1149 perpetuitas3
982 1064 1067 1128 nihil
1096 1065 1131 1129 in

76 1152 185 1216 muita
207 1156 265 1217 tua
291 1153 430 1236 uarium,
457 1152 540 1216 nihil
562 1152 720 1237 flexibile,
747 1152 830 1216 nihil
857 1152 990 1217 mistum
1013 1175 1130 1239 cogno·

116 1240 231 1306 uimus.
277 1263 404 1324 semper
427 1241 512 1305 idem
539 1240 616 1325 tibi,
643 1263 771 1324 semper
798 1240 954 1305 directum
979 1241 1131 1324 quiddam

116 1329 240 1413 placuit
270 1334 303 1393 et
333 1329 480 1413 simplex.
525 1352 591 1394 non
620 1332 654 1393 te
681 1351 788 1393 rerum
815 1329 1027 1394 humanarum
1055 1331 1130 1394 ficta

117 1422 149 1480 et
171 1418 279 1483 fucata
302 1419 418 1502 forma,
441 1439 508 1482 non
529 1417 618 1502 illae,
641 1418 760 1502 quibus
778 1416 925 1501 plerique
949 1418 1129 1503 capiuntur,

116 1505 287 1570 insidiosae
311 1505 518 1590 uoluptatum
543 1506 713 1570 illecebrae
737 1509 899 1588 ceperunt.
945 1527 1012 1570 non
1035 1510 1072 1570 tu
1096 1506 1131 1570 in

76 1614 102 1655 15
116 1594 228 1659 tabula
251 1594 354 1678 picta,
381 1595 469 1659 inani
493 1594 637 1659 colorum
661 1594 767 1677 specie
791 1598 919 1679 captus,
947 1594 1050 1658 oculis
1073 1594 1131 1659 im-

115 1683 293 1747 mobilibus
316 1683 458 1747 haesisti.
503 1704 569 1747 non
597 1682 732 1746 sericam
760 1685 896 1765 uestem,
923 1703 990 1746 non
1018 1704 1130 1768 argen-

115 1774 205 1835 teum
228 1793 300 1855 uas,
323 1793 389 1835 non
412 1775 524 1835 aurata
546 1773 633 1834 tecta
656 1768 767 1853 paullo
791 1770 940 1853 cupidius
962 1770 1129 1854 aspexisti.

116 1859 262 1942 denique,
285 1880 326 1921 ne
348 1858 475 1942 singula
498 1877 739 1942 persequamur,
762 1879 836 1922 cum
858 1857 1004 1941 plerique
1028 1859 1130 1924 homi·

114 1967 193 2009 num
230 1945 298 2009 siue
332 1946 437 2031 gratia
470 1945 538 2009 siue
570 1949 659 2008 metu
696 1946 737 2009 ab
775 1945 882 2010 officio
920 1946 1130 2031 deducuntur,

75 2054 102 2094 ao
114 2041 291 2117 numquam
313 2037 346 2098 te
365 2033 418 2098 uel
437 2033 482 2096 ita
506 2033 611 2117 gratia
635 2033 789 2098 deleniuit
813 2033 866 2098 uel
885 2033 931 2097 ita
949 2038 1057 2099 metus
1080 2036 1131 2099 de-

114 2122 245 2205 terruit,
281 2126 318 2187 ut
354 2121 510 2205 pietatem
546 2121 800 2207 religionemque
832 2122 1001 2187 desereres.
1054 2123 1131 2207 quid

115 2210 257 2277 mirum?
292 2210 452 2275 uirtutum
474 2209 597 2274 radices
619 2232 686 2274 non
708 2210 754 2274 ita
774 2209 892 2274 leuiter
910 2211 1072 2276 bonorum
1096 2212 1129 2276 in

116 2299 232 2364 animis
259 2298 441 2384 inhaerent,
469 2303 507 2364 ut
535 2320 588 2363 eas
616 2298 753 2363 euellere
781 2302 838 2363 aut
867 2299 1027 2363 commodi
1056 2322 1130 2383 spes

116 2391 173 2450 aut
202 2387 339 2470 periculi
369 2387 531 2452 dubitatio
562 2387 674 2470 possit.
728 2408 825 2470 quare
855 2390 930 2451 tuae
961 2393 1129 2453 consuetu·

75 2496 102 2536 aa
117 2473 200 2538 dinis
231 2479 263 2538 et
294 2475 493 2540 constantiae
520 2497 678 2539 memores
705 2496 771 2539 non
798 2474 940 2558 petimus
968 2496 987 2539 a
1014 2480 1061 2560 te,
1094 2480 1129 2541 ut

115 2561 237 2645 aliquid
269 2585 346 2649 agas
382 2568 493 2627 nostra
526 2584 649 2647 caussa,
687 2564 773 2646 quod
805 2584 877 2627 oum
910 2564 1029 2649 egeris,
1065 2585 1130 2628 non

115 2650 296 2714 consentire
324 2672 397 2715 cum
423 2650 490 2715 tuis
513 2649 735 2733 superioribus
762 2651 857 2716 factis
885 2651 1048 2739 uideatur,
1075 2652 1130 2717 sed

115 2738 150 2801 id
172 2738 327 2823 petimus,
351 2739 438 2822 quod
461 2761 480 2802 a
502 2743 535 2803 te
558 2761 624 2802 non
646 2739 742 2803 modo
765 2739 837 2823 ipsa
859 2761 924 2824 rea,
952 2741 1007 2804 sed
1032 2741 1129 2805 etiam

116 2827 313 2892 consuetudo
348 2831 405 2891 tua
438 2827 598 2911 postulat,
634 2832 671 2892 ut
703 2828 737 2892 in
769 2831 878 2892 uetere
910 2827 967 2892 illo
1001 2833 1130 2895 tuarum

75 2937 102 2977 co
116 2915 280 2981 actionum
311 2916 467 2980 laudabili
500 2938 595 2981 cursu
627 2938 753 3002 pergas.
800 2915 886 3000 quod
918 2938 991 2981 cum
1023 2918 1129 3002 facies,

116 3005 277 3070 facturum
315 3005 413 3090 enim,
454 3004 530 3089 quia
561 3009 594 3069 te
626 3004 789 3088 nouimus,
829 3026 895 3068 non
934 3004 1130 3091 dubitemne,

116 3094 341 3178 complecteris
364 3116 424 3158 nos
448 3094 560 3158 eodem
583 3092 700 3176 studio,
724 3113 787 3175 quc
810 3092 900 3176 ipsae
924 3097 957 3157 te
981 3093 1130 3179 aluimus,

117 3186 150 3245 et
187 3182 221 3245 in
257 3204 331 3246 eum
366 3181 475 3246 locum
511 3181 675 3264 restitues,
712 3181 796 3244 unde
832 3202 892 3245 nos
929 3181 1129 3248 aduersariae

116 3272 260 3354 nostrae,
284 3270 412 3335 inscitia
436 3270 532 3334 simul
556 3274 588 3333 et
611 3269 762 3351 auaritia,
785 3269 920 3334 comites
942 3277 1130 3356 perpetuae,

77 3375 104 3419 aa
118 3357 330 3423 detrusenmt.
376 3358 457 3423 Vale
482 3357 641 3443 [Venetiis
663 3356 899 3442 MDLIXJLX}
