2400 3922
147 173 168 235 2
483 172 517 226 11.
545 169 656 225 Aniano
675 169 825 241 Burgonio

145 335 319 399 methodus
334 335 498 419 quaedam,
518 355 615 418 quam
634 332 839 418 seruantibus
853 333 997 398 salubres
1012 333 1170 400 dicuntur

147 445 231 488 esse:
260 423 434 507 permistae
458 445 531 487 oum
550 423 940 506 'imbribus'putrescunt,
963 423 1056 508 graui
1081 424 1167 506 peri-

149 512 222 576 culo
250 511 444 577 bibentium.
489 533 549 575 nos
577 532 687 594 porro,
717 531 736 573 o
764 509 892 599 Lolge,¹
909 511 964 594 qui
993 510 1168 576 didicimus

148 622 166 663 a
194 600 400 684 philosophis
431 600 550 663 bonam
579 597 797 662 ualetudinem
828 602 977 682 expetere
1005 598 1168 681 sapientis

120 710 228 773 cesse,
251 689 344 752 ualde
367 689 400 751 in
418 688 479 751 hac
498 686 627 769 quidem
645 689 737 769 parte
757 687 902 769 sapimus
921 692 961 772 et,
983 690 1020 750 ut
1039 686 1168 770 optime

148 776 326 859 ualeamus,
366 778 524 857 accurate,
565 795 774 858 quaecunque
811 774 897 839 uires
934 778 1066 839 tuentur
1108 780 1168 839 aut

148 868 282 950 augent,
314 861 550 946 persequimur,
583 870 686 944 quae'*
693 862 789 945 posse
819 862 972 928 uidentur
1002 860 1167 928 infirmare

147 975 184 1016 ac
207 952 364 1035 minuere,
394 941 598 1014 declinamus.
640 950 750 1033 itaque
779 948 819 1012 ad
846 950 1038 1015 balneorum
1066 953 1166 1015 medi·

148 1039 252 1103 cinam
274 1060 341 1102 non
364 1037 455 1121 prius
478 1037 672 1119 accedemus,
696 1059 792 1119 quam
815 1036 849 1100 id
872 1043 905 1101 et
928 1038 1000 1102 tuto
1025 1044 1058 1103 et
1082 1040 1168 1104 salu-

107 1151 133 1190 ιο
146 1128 261 1191 tariter
282 1126 353 1190 fieri
376 1147 471 1210 posse
494 1124 722 1211 intelligamus.
758 1147 844 1189 nunc
869 1126 998 1208 quidem
1022 1127 1167 1192 alienum
1192 1204 1196 1210 ¹

147 1220 276 1298 tempus
296 1217 352 1278 est.
385 1214 484 1298 uides,
506 1235 587 1297 quae
606 1213 752 1299 pluuiae,
770 1235 867 1297 quam
886 1237 988 1297 paene
1007 1215 1167 1281 hiemales

147 1302 223 1367 dies.
268 1302 348 1366 haec
378 1301 454 1366 dum
483 1301 530 1365 ita
560 1323 593 1365 se
623 1296 758 1385 habent,
790 1324 850 1365 nos
881 1303 1167 1384 opportunitatem

147 1394 331 1474 spectantes
354 1389 388 1454 in
410 1390 462 1454 his
486 1389 616 1473 oppidis
640 1393 672 1453 et
695 1389 818 1453 uillulis
840 1388 977 1453 iucunde
1001 1391 1080 1452 satis
1107 1393 1166 1455 ob-

147 1479 333 1543 errabimus.
377 1478 462 1562 quod
490 1477 642 1561 quoniam
670 1499 766 1561 quam
794 1476 981 1542 diuturnum
1008 1477 1052 1540 sit
1075 1479 1167 1541 futu-

106 1590 134 1631 1s
147 1588 219 1632 rum
244 1566 387 1631 diuinare
407 1566 537 1631 difficile
562 1571 610 1631 est
633 1571 666 1631 et
686 1588 755 1652 ego,
779 1565 855 1630 dum
873 1570 905 1630 te
925 1565 1167 1650 careo,·multis

148 1656 434 1721 commoditatibus
461 1678 525 1720 una
553 1677 659 1735 careo,
687 1659 802 1740 tuque,
829 1659 866 1719 ut
894 1653 994 1719 ternis
1021 1654 1087 1717 iam
1109 1655 1164 1718 lit-

148 1745 227 1810 teris
251 1744 438 1830 significare.
455 1745 583 1827 uideris,
606 1767 672 1808 non
695 1744 772 1808 abes
796 1765 883 1807 ame
907 1739 975 1807 sine
999 1743 1165 1807 molestia:

147 1854 219 1897 mea
242 1854 353 1896 caussa
376 1854 469 1917 rogo,
493 1837 550 1895 tua
572 1832 698 1915 hortor,
726 1836 776 1915 ut,
800 1853 995 1913 quamquam
1017 1831 1165 1895 nondum

148 1920 362 2002 consedimus,
386 1924 510 1984 mature
534 1925 655 2003 tamen,
677 1918 741 1982 nisi
765 1919 842 2002 quid
860 1918 992 2005 grauius
1015 1919 1166 2004 impedit,

105 2032 133 2072 ao
147 2012 299 2073 reuertas.
339 2012 371 2071 et
394 2012 431 2072 ut
455 2006 549 2092 scias,
577 2028 640 2090 quo
668 2029 720 2070 me
747 2005 818 2071 loco
847 2007 1018 2071 conuenire
1046 2008 1165 2092 possiS,

146 2096 232 2162 Pisis
262 2097 302 2160 ad
331 2096 403 2161 idus
432 2095 541 2160 Iunias
572 2099 604 2159 et
631 2095 730 2182 ultra,
760 2099 797 2159 ut
828 2095 957 2182 opinor,
987 2095 1164 2181 aliquante,

149 2186 205 2250 sed
228 2187 267 2250 ad
290 2184 362 2250 idus
384 2183 494 2250 lunias
521 2189 607 2250 certe
635 2184 914 2250 commorabimur.
959 2184 1054 2268 Vale,
1077 2184 1164 2248 Pisis

149 2273 358 2358 [unxina.

633 2620 672 2685 H.

107 2790 134 2830 as
463 2760 612 2824 Aniano
639 2760 846 2846 Burgonio

238 2901 272 2966 Si
291 2900 370 2966 mihi
390 2923 449 2984 per
464 2900 597 2986 negotia
615 2900 768 2986 licuisset,
786 2900 1024 2983 respondissem
1042 2902 1161 2969 litteris

149 2990 215 3055 tuis
243 2996 275 3055 et
302 2989 398 3055 citius
426 2992 458 3052 et
485 2988 626 3053 uberius.
667 3011 753 3054 nunc
781 2989 841 3053 etsi
869 3011 935 3053 non
960 2991 1066 3054 minus
1091 3016 1161 3075 pre-

150 3081 262 3144 mebar
285 3079 398 3145 iisdem
421 3077 703 3164 occupationibus,
730 3083 838 3142 tamen
866 3098 939 3140 cum
963 3082 996 3140 et
1019 3084 1161 3144 ueterem

149 3172 295 3232 nostram
325 3167 587 3233 consuetudinem
618 3189 720 3238 essem
748 3165 934 3251 diligentius
961 3188 1086 3231 mecum
1114 3192 1161 3232 re-

108 3282 136 3323 ao
150 3255 299 3320 cordatus
324 3262 356 3320 et
379 3257 521 3321 uiderem
540 3255 680 3319 alienum
698 3256 739 3319 ab
759 3253 918 3319 institutis
936 3254 1025 3338 meis,
1049 3255 1076 3318 si
1101 3279 1161 3340 ego

240 3452 274 3500 20
295 3448 444 3501 ‘reuertas'
466 3448 506 3502 sic
526 3447 672 3502 etiamtum
690 3446 720 3500 in
738 3445 861 3500 editione
877 3444 943 3498 anni
960 3450 1028 3499 1573
1047 3443 1161 3513 legitur.

147 3548 183 3559 -
199 3521 232 3572 25
253 3518 294 3571 Ex
308 3517 491 3589 epistularum
507 3517 661 3589 appendice
676 3516 794 3573 editioni
808 3515 982 3572 Krausianao
996 3514 1108 3569 adiecto
1117 3518 1160 3587 (l).
