2400 3922
469 197 692 262 ..53-

70 360 210 420 futurum
234 359 392 441 remediat,
420 378 457 420 ue
480 378 622 439 umquam
646 369 769 440 repetat.
815 359 893 420 Raro
918 363 997 422 enim
1022 364 1089 442 quis

69 450 184 510 iterum
207 448 254 508 rel
282 447 318 508 ad
346 466 497 509 summum
524 450 613 510 tertio
641 449 698 509 hoe
727 456 848 527 accepto
872 450 1088 512 medicamento

69 545 195 598 vexatus
215 544 269 598 001.
302 535 501 607 Quamobrem
521 540 546 598 si
565 537 683 617 quando
698 540 853 618 repetierit
871 540 981 599 iterum
996 539 1088 619 dolor,

70 625 187 687 dandae
211 633 300 686 erunt
322 644 377 704 per
400 626 533 687 triduum
556 634 586 687 et
609 634 681 688 tunc
705 629 840 704 potiones
865 627 968 687 eodem
992 627 1088 708 modo,

72 733 132 794 quo
161 716 276 792 primae
304 714 388 775 datae
417 716 537 777 luerint.
583 715 736 777 Interdum
761 723 791 776 et
820 717 909 776 tertio
931 718 963 775 10
987 715 1124 776 dolores

70 803 178 864 eodem
210 820 322 881 genere
353 805 489 883 potiones
522 803 684 885 dabuntur,
718 804 798 884 quod
826 801 938 884 <raro>
967 805 1088 885 accidit3

69 900 140 972 post
168 891 228 952 hoc
256 893 361 970 utique
384 895 415 952 in
443 893 578 954 futurum
603 911 722 972 quoque
745 894 902 974 remediat,
930 895 971 954 ita
993 901 1028 954 ut
1051 911 1089 954 nc

71 982 207 1060 suspicio
231 980 351 1059 quidem
375 980 435 1041 ulla
462 982 650 1060 relinquatur
672 984 745 1042 vitii.
793 981 966 1062 Siquando
989 989 1090 1043 tamen

71 1070 170 1149 frigus
194 1078 245 1130 aut
268 1068 428 1130 multitudo
452 1069 512 1130 cibi
539 1073 772 1149 praecesserint,
800 1073 973 1150 gravitatem
999 1089 1089 1150 quan-

73 1159 142 1219 dam
162 1166 193 1219 et
212 1165 365 1236 torporem
384 1160 449 1218 eius
472 1158 530 1218 loci
553 1160 617 1219 sine
637 1158 697 1220 ullo
717 1159 819 1220 dolore
838 1162 980 1241 sentiunt,
1002 1159 1089 1239 plane
1110 1171 1142 1220 10

70 1256 104 1308 ut
128 1246 304 1325 intellegant
327 1248 425 1326 quasi,
449 1256 559 1325 quanto
579 1248 655 1308 malo
675 1250 834 1308 caruerint.
875 1247 939 1308 Hoc
962 1249 1089 1309 medica·

70 1344 174 1397 mento
193 1334 369 1396 muliercula
393 1335 538 1415 quaedam
556 1355 592 1397 ex
612 1336 710 1397 Africa
729 1334 839 1396 Romae
862 1335 972 1396 multos
995 1353 1089 1397 reme·

72 1424 172 1485 diarit.
219 1423 325 1485 Postea
349 1442 404 1485 nos
426 1442 481 1503 per
504 1443 640 1505 magnam
663 1443 766 1485 euram
785 1426 1022 1503 conpositionem
1043 1442 1089 1484 ac·

72 1515 219 1593 cepimus,
242 1513 273 1572 id
293 1520 340 1575 est
357 1515 454 1593 pretio
474 1513 551 1594 dato,
575 1514 654 1592 quod
674 1512 901 1593 desideraverat,
925 1519 955 1572 et
977 1511 1091 1591 aliquot

72 1620 133 1663 non
156 1604 277 1680 ignotos
300 1603 481 1682 sanavimus,
510 1620 638 1680 quorum
661 1603 779 1662 nomina
803 1618 1021 1680 supervacuum
1045 1607 1090 1661 est
1110 1609 1143 1660 15

71 1691 198 1752 referre.
232 1688 355 1751 Constat
373 1699 472 1751 autem
490 1691 739 1751 medicamentum
759 1709 795 1750 ex
814 1690 860 1750 his
879 1688 984 1750 rebus:
1003 1687 1090 1749 Cervi

72 1797 187 1841 cornua
211 1786 383 1859 sumuntur,
406 1779 478 1840 dnm
496 1787 599 1840 tenera
618 1786 696 1859 sunt,
721 1780 806 1858 quasi
823 1781 854 1839 in
872 1777 964 1839 taleas
983 1777 1090 1839 breves

72 1869 168 1929 divisa
191 1867 249 1928 olla
277 1867 361 1928 fictili
388 1876 599 1946 conponuntur
623 1867 824 1948 operculoque
848 1868 1036 1948 superposito
1060 1874 1090 1927 et

72 1956 175 2036 argilla
212 1956 345 2035 undique
383 1957 565 2017 circumdata
603 1957 723 2018 fornace
756 1964 899 2038 uruntur,
932 1956 1026 2016 donec
1058 1957 1089 2015 10

72 2047 207 2106 cinerem
227 2045 471 2106 candidissimum
493 2046 668 2124 redigantur
687 2055 775 2125 atque
794 2048 835 2106 ita
856 2047 887 2105 in
905 2063 975 2106 0000
995 2046 1089 2105 011000
1108 2054 1143 2104 20

72 2133 186 2195 mundo
214 2142 411 2212 reponuntur.
453 2133 528 2194 Cum
556 2134 688 2194 dolorem
719 2133 809 2194 habet
841 2132 961 2213 aliquis,
993 2132 1090 2211 pridie

74 2240 163 2303 quam
183 2229 312 2301 poturus
332 2229 378 2283 est
395 2221 654 2304 medicamentum,
678 2222 767 2282 debet
785 2220 934 2282 abstinere
954 2220 991 2281 ab
1010 2222 1090 2280 omni

71 2330 106 2372 re
129 2318 221 2390 atque
245 2312 287 2372 ita
313 2317 435 2390 postero
460 2311 507 2371 die
536 2318 697 2372 sumuntur
720 2328 756 2370 ex
780 2307 922 2370 cornibus
945 2307 1090 2368 coclearia

73 2402 131 2461 tria
154 2398 305 2461 cumulata
334 2400 406 2459 satis
434 2399 543 2480 ampla,
572 2399 681 2478 quibus
710 2400 874 2459 miscentur
897 2399 1010 2477 piperis
1033 2396 1091 2458 albi

74 2506 167 2568 grana
190 2506 296 2548 norem
321 2489 390 2548 trita
414 2495 444 2548 et
467 2505 586 2548 murras
611 2489 760 2568 exiguum,
784 2486 863 2566 quod
882 2486 1005 2547 odorem
1027 2493 1090 2547 tan·
1109 2494 1143 2545 25

74 2576 229 2639 tummodo
248 2583 402 2655 praestare
424 2578 529 2655 possit.
570 2575 650 2637 Haec
669 2596 737 2638 cum
760 2579 791 2638 in
816 2595 910 2637 unum
932 2577 1091 2638 commixta

74 2674 146 2727 sunt
169 2667 312 2726 mortario
336 2663 503 2746 diligenter,
527 2665 626 2727 coclea
645 2684 714 2726 vera
733 2667 883 2745 Africana,
907 2665 937 2725 id
957 2674 1002 2726 est
1020 2664 1089 2725 inde

74 2753 184 2836 adlata,
214 2754 343 2814 sumitur
367 2770 455 2832 quam
482 2760 582 2832 potest
605 2755 785 2834 amplissima
809 2763 839 2813 et
862 2756 925 2812 0100
948 2753 1090 2812 mortario

74 2861 144 2904 eum
179 2860 234 2903 sua
266 2848 343 2902 testa
371 2842 566 2904 contunditur
594 2851 682 2921 atque
710 2852 745 2902 ut
772 2849 818 2902 est
845 2843 967 2917 teritur,
995 2838 1089 2899 donec

74 2931 192 2993 nullum
210 2931 368 3009 vestigium
388 2938 528 3009 appareat
547 2929 731 2992 testularum.
767 2929 874 2989 Postea
893 2928 954 2986 0101
971 2925 1090 2986 Falerni
1109 2936 1143 2984 30

149 3143 220 3191 lne
234 3136 273 3192 L:
292 3153 327 3192 ne
347 3153 411 3192 eum
424 3137 460 3194 11.
516 3144 614 3192 60000
633 3135 732 3192 addidi
746 3151 759 3190 e
773 3134 814 3190 M.
871 3133 959 3187 11000
977 3131 1089 3202 scripsi:

75 3207 150 3262 hano
180 3206 217 3262 11.
290 3209 428 3263 remediat
454 3209 567 3277 scripsi:
600 3206 772 3264 remediatur
798 3205 827 3262 11
853 3202 1021 3258 remediabir
1048 3203 1089 3261 Μ.

74 3276 176 3334 svicii
194 3277 347 3347 Boettiper:
366 3278 494 3334 01111011.
551 3284 584 3333 10
602 3280 744 3349 torporem
761 3278 808 3331 M:
828 3274 950 3345 priorem
964 3273 1000 3332 R.
1057 3279 1089 3329 12

73 3348 184 3405 Romae
209 3365 243 3404 ex
266 3348 363 3404 Adios
385 3349 425 3417 R,
454 3351 622 3418 transposui.
696 3355 730 3405 16
755 3346 836 3402 Cervi
864 3346 981 3416 000000]
1012 3344 1090 3400 Haec

73 3421 237 3490 compositio
260 3437 279 3473 a
302 3419 407 3475 Galerio
431 3422 491 3489 (001.
515 3420 592 3489 XIII,
617 3423 680 3487 284)
709 3421 746 3475 ad
768 3419 901 3474 Paccium
923 3416 1091 3472 Antiochum

73 3497 214 3548 auctorem
232 3491 358 3558 refertur.
434 3496 467 3545 18
486 3493 515 3546 01
534 3493 582 3545 M:
605 3508 639 3545 ex
656 3492 692 3546 11.
766 3497 800 3545 2⁷
820 3506 886 3545 0000
904 3488 950 3544 M:
969 3485 1090 3544 veroli.

74 3559 106 3615 id
123 3563 169 3618 001
187 3561 255 3618 inde
273 3560 372 3616 sdlata
390 3561 499 3617 11100110
517 3569 642 3633 suspecta
659 3564 719 3618 visa
736 3566 810 3619 suut.

1167 3534 1184 3657 l
