2430 3922
161 203 228 268 134
485 201 580 256 LXIV.
604 199 704 255 Ioanni
722 199 848 256 Cretoni.

35 430 36 434 ,
159 370 270 432 tamen
298 364 494 448 aequitatem
521 363 621 429 animi
653 362 725 427 mei.
774 362 822 426 rei
855 360 1049 426 domesticae
1081 360 1177 429 iactu-

160 477 245 541 ram,
276 474 495 538 quaecumque
523 457 585 538 est,
612 452 706 517 facile
729 451 811 538 fero,
838 450 979 515 libenter
1003 450 1179 538 dissimulo,

162 544 202 607 do
223 565 364 628 operam,
387 546 423 606 ut
437 542 635 626 obliuiscar,
653 541 739 626 quod
758 540 925 625 antiquam
943 540 1049 604 colere
1072 540 1178 627 fruge

160 633 297 717 litatem,
321 631 408 715 quod
425 631 515 694 illam
533 652 635 714 paruo
660 633 858 713 contentam,
882 628 1027 693 omnium
1050 628 1179 693 laudan·

133 734 146 774 ⁵
162 722 274 786 darum
289 720 407 785 artium
421 723 589 803 parentem
604 718 813 803 altricemque
823 717 1027 801 disciplinam
1040 718 1178 782 retinere

161 831 267 897 cogar,
285 831 352 874 non
370 808 497 872 irascor.
535 811 568 871 et
586 808 669 871 hanc
688 807 793 892 ipsam
807 807 876 871 fore
890 807 1053 870 crederem
1066 805 1178 871 liberis

160 899 241 964 meis
254 920 321 962 non
333 896 599 961 contemnendam
612 896 832 960 hereditatem.
869 893 915 959 At
933 895 1036 959 multa
1055 895 1177 960 desunt.

160 986 233 1072 Ego
258 986 367 1050 deesse
389 985 470 1049 mihi
489 985 672 1070 quidquam
694 1006 792 1072 nego,
820 985 933 1049 abesse
955 983 1061 1048 multa
1085 984 1176 1050 confi-

161 1080 241 1158 teor,
265 1096 346 1159 quae
370 1078 479 1138 tamen
502 1073 581 1157 ipse,
603 1074 638 1137 ni
661 1074 765 1158 fallor,
790 1073 946 1138 eiusmodi
969 1077 1055 1159 sunt,
1078 1078 1129 1159 ut,
1150 1072 1176 1137 si

122 1178 148 1216 10
161 1164 252 1249 large
275 1167 462 1247 suppetant,
483 1163 586 1227 nihilo
610 1164 686 1227 fiam
708 1162 836 1248 melior,
864 1162 892 1226 si
915 1162 1024 1226 absint
1049 1161 1177 1246 penitus

162 1256 218 1317 aut
241 1253 269 1317 si
291 1251 425 1316 minima
448 1251 526 1337 sint,
553 1251 649 1316 sicuti
676 1255 765 1338 sunt,
791 1250 894 1316 nihilo
923 1250 1072 1316 deterior.
1117 1271 1176 1337 ego

163 1341 250 1425 quod
272 1340 313 1404 ad
335 1341 419 1404 hanc
442 1340 599 1404 iacturam
623 1340 750 1426 attinet,
773 1339 948 1424 tranquillo
973 1340 1054 1404 satis
1072 1339 1176 1403 animo

162 1452 246 1495 sum:
274 1429 331 1493 illa
357 1452 409 1493 me
433 1428 501 1493 dies
522 1434 698 1514 noctesque
721 1433 832 1514 uexat,
860 1428 916 1492 illa
942 1427 1023 1492 mihi
1048 1427 1176 1513 penitus

161 1518 280 1583 insidet
302 1519 477 1602 haeretque
495 1539 580 1604 cura,
604 1517 698 1602 quod,
722 1517 749 1582 si
768 1540 864 1602 quem
883 1517 989 1581 studia
1006 1539 1080 1581 mea
1098 1518 1175 1582 fruc·

122 1620 148 1661 15
162 1612 232 1672 tum
263 1608 360 1693 ferre,
392 1607 419 1671 si
452 1606 530 1690 quid
561 1607 701 1691 posteris
733 1605 891 1670 industria
922 1628 995 1670 mea
1027 1606 1176 1690 prodesse

162 1696 293 1781 poterit,
315 1696 506 1779 idperiisse
529 1699 636 1760 totum
658 1716 695 1759 ao
718 1695 823 1778 perire
848 1694 992 1778 quotidie
1009 1695 1117 1781 magis
1134 1694 1175 1758 in·

162 1785 285 1870 telligo.
340 1783 429 1848 Haec
462 1789 537 1848 sunt
568 1806 640 1847 mea
677 1783 882 1868 detrimenta,
916 1784 1040 1867 optime
1074 1782 1175 1867 Grato,
1211 1832 1213 1876 :

162 1878 259 1956 atque
288 1872 412 1936 utinam
439 1894 511 1935 mee
538 1876 666 1936 tentum
694 1877 809 1936 essent.
855 1872 972 1936 ferrem
995 1872 1124 1937 facilius
1146 1875 1175 1935 et
1209 1900 1213 1961 j

163 1960 408 2044 quoquomodo
428 1959 519 2044 quasi
539 1961 683 2024 fouerem
698 1983 735 2024 ac
753 1961 913 2025 mollircm
937 1960 1065 2026 dolores
1082 1983 1174 2026 meos.
1211 1964 1213 1981 '

123 2059 248 2114 ²⁰nunc
272 2048 359 2133 quod
385 2048 517 2132 publico
540 2049 664 2113 tamdiu
695 2050 861 2114 commodo
892 2049 1063 2136 defuerim,
1092 2049 1174 2134 quod

162 2138 266 2202 iacere
299 2136 405 2202 studia
437 2159 509 2201 mea
536 2159 596 2222 per
623 2160 723 2203 annos
752 2138 873 2223 decem,
902 2137 989 2222 quod
1011 2138 1173 2224 ingenium

161 2226 316 2313 languere
340 2226 401 2291 sim
428 2248 558 2313 passus,
588 2227 675 2311 quod
698 2227 835 2311 denique
863 2226 1082 2293 fundamentis
1106 2227 1173 2292 adu·

161 2316 334 2380 lescentiae
363 2315 527 2398 praeclare
555 2316 648 2380 iactis
676 2319 764 2380 aetas
787 2315 919 2402 grauior
942 2313 1172 2400 exspectationi
1207 2368 1213 2377 .

161 2426 228 2468 non
254 2403 470 2489 responderit,
498 2404 532 2466 id
560 2425 632 2469 cum
659 2404 821 2490 recordor,
849 2426 951 2489 paene
984 2409 1076 2470 totus
1108 2404 1173 2488 ipse

121 2510 147 2552 10
161 2493 242 2556 mihi
267 2491 420 2575 displiceo
445 2495 486 2575 et,
510 2513 705 2576 quamquam
728 2493 824 2576 culpa
846 2515 971 2579 uacem,
994 2516 1047 2558 me
1070 2499 1173 2559 tamen

162 2580 258 2663 culpa
280 2602 346 2644 non
368 2579 486 2665 libero,
515 2581 571 2644 sed
595 2581 687 2664 quasi
715 2582 894 2646 communis
921 2604 1053 2647 caussae
1077 2583 1173 2647 deser·

161 2673 267 2733 torem
294 2689 416 2732 accuso.
467 2690 532 2733 una
559 2669 754 2754 relinquitur
785 2671 820 2735 in
847 2693 955 2735 amore
983 2675 1041 2738 tuo
1070 2693 1172 2736 conso

160 2757 240 2822 latio
265 2761 306 2842 et,
330 2756 357 2820 si
380 2757 463 2821 nihil
481 2762 662 2841 praestares
681 2759 778 2844 aliud,
800 2761 863 2824 hoo
881 2760 953 2844 ipso
972 2764 1084 2825 tamen
1107 2782 1172 2825 con·
1205 2762 1213 2767 ”

161 2845 285 2932 solerie,
301 2846 388 2930 quod
407 2847 601 2933 aegritudini
616 2870 704 2911 meae
720 2848 839 2912 sociam
854 2871 887 2913 se
902 2848 1059 2934 adiungat
1078 2847 1172 2935 aegri·
1205 2896 1213 2961 ,

120 2952 148 2996 ao
161 2936 240 3000 tudo
264 2939 334 3021 tua,
358 2939 399 3021 et,
423 2935 499 3000 dum
517 2939 554 3000 tu
573 2958 674 3020 aeque
698 2936 786 3001 doles
805 2942 902 3022 atque
921 2959 991 3023 ego,
1013 2937 1050 3002 id
1069 2937 1173 3022 efficis,
1205 2964 1213 3005 1

161 3029 198 3090 ut
222 3047 282 3110 ego
310 3046 376 3088 11011
399 3046 502 3108 aeque
526 3024 651 3089 doleam
675 3030 772 3110 etque
795 3027 891 3091 solco.
937 3025 999 3091 Sed
1023 3026 1081 3092 illa
1104 3046 1173 3112 pare
1205 3010 1213 3101 1

160 3113 343 3178 litterarum
365 3117 503 3199 tuarum,
526 3113 560 3177 in
583 3136 647 3198 qua
670 3114 708 3178 de
731 3115 944 3179 Maximiliani
967 3113 1172 3200 Imperatoris
1205 3122 1213 3199 ἱ,

161 3202 334 3266 admodum
361 3222 524 3285 propense
551 3202 591 3266 ad
613 3202 765 3267 liberales
794 3204 980 3288 disciplinas
1007 3205 1172 3269 uoluntate
1205 3222 1213 3287 ξ

161 3290 325 3376 significas
349 3294 381 3354 et
404 3290 503 3376 addis,
527 3313 622 3374 opem
645 3291 687 3355 ab
707 3313 744 3356 οο
764 3292 791 3356 01
810 3297 929 3378 petam,
952 3293 1031 3379 fore,
1054 3315 1096 3358 ne
1115 3294 1171 3357 fru-

120 3395 147 3436 8⁵
161 3382 228 3443 stra
250 3383 369 3465 petam,
393 3401 430 3442 ea
452 3401 529 3443 uero
553 3402 628 3463 pers
646 3380 754 3445 animo
772 3403 845 3446 meo
863 3385 1030 3466 tamquam
1053 3378 1171 3446 labanti
1205 3382 1213 3447 1

162 3467 327 3553 quiddam,
356 3489 421 3550 quo
450 3468 652 3554 consisteret,
680 3469 862 3535 instillauit.
913 3470 986 3535 01110
1013 3471 1078 3534 alia
1106 3489 1172 3536 cere
1203 3454 1213 3551 ξ

160 3561 248 3621 sunt:
281 3578 346 3620 non
380 3555 491 3619 eodem
523 3578 632 3644 sensu,
664 3580 730 3622 non
762 3557 874 3623 codem
906 3580 1018 3624 omnes
1046 3557 1171 3646 ingenio
1204 3564 1208 3573 “
