<?xml version="1.0" encoding="UTF-8"?>
<!DOCTYPE html PUBLIC "-//W3C//DTD XHTML 1.0 Transitional//EN"
    "http://www.w3.org/TR/xhtml1/DTD/xhtml1-transitional.dtd">
<html xmlns="http://www.w3.org/1999/xhtml" xml:lang="en" lang="en">
 <head>
  <title>
</title>
<meta http-equiv="Content-Type" content="text/html;charset=utf-8" />
  <meta name='ocr-system' content='tesseract 3.04.00' />
  <meta name='ocr-capabilities' content='ocr_page ocr_carea ocr_par ocr_line ocrx_word'/>
</head>
<body>
  <div class='ocr_page' id='page_1' title='image "./paulimanutiiepi00fickgoog_0063.png"; bbox 0 0 2400 3922; ppageno 0'>
   <div class='ocr_carea' id='block_1_1' title="bbox 113 199 836 271">
    <p class='ocr_par' dir='ltr' id='par_1_1' title="bbox 113 199 836 271">
     <span class='ocr_line' id='line_1_1' title="bbox 113 199 836 271; baseline -0.001 -13"><span class='ocrx_word' id='word_1_1' title='bbox 113 206 158 271; x_wconf 82' lang='grc'>54</span> <span class='ocrx_word' id='word_1_2' title='bbox 407 199 505 257; x_wconf 86' lang='lat' dir='ltr'><strong>XXIV.</strong></span> <span class='ocrx_word' id='word_1_3' title='bbox 533 199 670 270; x_wconf 78' lang='lat' dir='ltr'>Dionysio</span> <span class='ocrx_word' id='word_1_4' title='bbox 688 199 836 257; x_wconf 81' lang='lat' dir='ltr'>Lambino.</span> 
     </span>
    </p>
   </div>
   <div class='ocr_carea' id='block_1_2' title="bbox 113 359 1119 713">
    <p class='ocr_par' dir='ltr' id='par_1_2' title="bbox 113 359 1119 713">
     <span class='ocr_line' id='line_1_2' title="bbox 113 359 1119 448; baseline -0.004 -18"><span class='ocrx_word' id='word_1_5' title='bbox 113 367 200 431; x_wconf 91' lang='lat' dir='ltr'>enim</span> <span class='ocrx_word' id='word_1_6' title='bbox 226 387 278 430; x_wconf 90' lang='lat' dir='ltr'>me</span> <span class='ocrx_word' id='word_1_7' title='bbox 306 388 325 429; x_wconf 91' lang='grc'>1</span> <span class='ocrx_word' id='word_1_8' title='bbox 352 369 409 429; x_wconf 86' lang='lat' dir='ltr'>tua</span> <span class='ocrx_word' id='word_1_9' title='bbox 435 362 632 428; x_wconf 74' lang='lat' dir='ltr'>liberalitate</span> <span class='ocrx_word' id='word_1_10' title='bbox 661 363 769 428; x_wconf 87' lang='lat' dir='ltr'>omnia</span> <span class='ocrx_word' id='word_1_11' title='bbox 797 359 1016 448; x_wconf 84' lang='lat' dir='ltr'>exspectare),</span> <span class='ocrx_word' id='word_1_12' title='bbox 1046 362 1119 426; x_wconf 84' lang='lat' dir='ltr'>dabo</span> 
     </span>
     <span class='ocr_line' id='line_1_3' title="bbox 113 450 1117 535; baseline -0.004 -17"><span class='ocrx_word' id='word_1_13' title='bbox 113 477 164 519; x_wconf 89' lang='lat' dir='ltr'>me</span> <span class='ocrx_word' id='word_1_14' title='bbox 193 455 305 518; x_wconf 89' lang='lat' dir='ltr'>statim</span> <span class='ocrx_word' id='word_1_15' title='bbox 337 454 371 518; x_wconf 92' lang='lat' dir='ltr'>in</span> <span class='ocrx_word' id='word_1_16' title='bbox 403 453 490 518; x_wconf 90' lang='lat' dir='ltr'>uiam</span> <span class='ocrx_word' id='word_1_17' title='bbox 522 456 554 516; x_wconf 91' lang='lat' dir='ltr'>et</span> <span class='ocrx_word' id='word_1_18' title='bbox 587 474 624 516; x_wconf 89' lang='lat' dir='ltr'>ea</span> <span class='ocrx_word' id='word_1_19' title='bbox 655 450 787 535; x_wconf 92' lang='lat' dir='ltr'>quidem</span> <span class='ocrx_word' id='word_1_20' title='bbox 818 473 891 535; x_wconf 88' lang='lat' dir='ltr'>spe,</span> <span class='ocrx_word' id='word_1_21' title='bbox 924 455 963 516; x_wconf 92' lang='lat' dir='ltr'>ut</span> <span class='ocrx_word' id='word_1_22' title='bbox 991 450 1117 534; x_wconf 75' lang='lat' dir='ltr'>aliquem</span> 
     </span>
     <span class='ocr_line' id='line_1_4' title="bbox 115 539 1118 625; baseline -0.005 -17"><span class='ocrx_word' id='word_1_23' title='bbox 115 566 131 608; x_wconf 90' lang='grc'>1</span> <span class='ocrx_word' id='word_1_24' title='bbox 156 543 236 608; x_wconf 91' lang='lat' dir='ltr'>caeli</span> <span class='ocrx_word' id='word_1_25' title='bbox 258 543 439 608; x_wconf 80' lang='lat' dir='ltr'>mutatione</span> <span class='ocrx_word' id='word_1_26' title='bbox 462 543 603 606; x_wconf 86' lang='lat' dir='ltr'>fructum</span> <span class='ocrx_word' id='word_1_27' title='bbox 630 539 769 625; x_wconf 86' lang='lat' dir='ltr'>capiam,</span> <span class='ocrx_word' id='word_1_28' title='bbox 797 541 979 606; x_wconf 85' lang='lat' dir='ltr'>maximum</span> <span class='ocrx_word' id='word_1_29' title='bbox 1003 539 1118 624; x_wconf 86' lang='lat' dir='ltr'>quidem</span> 
     </span>
     <span class='ocr_line' id='line_1_5' title="bbox 115 628 1116 713; baseline -0.008 -15"><span class='ocrx_word' id='word_1_30' title='bbox 115 655 154 697; x_wconf 85' lang='lat' dir='ltr'>ex</span> <span class='ocrx_word' id='word_1_31' title='bbox 177 637 235 697; x_wconf 85' lang='lat' dir='ltr'>tua</span> <span class='ocrx_word' id='word_1_32' title='bbox 257 632 471 713; x_wconf 84' lang='lat' dir='ltr'>humanitate,</span> <span class='ocrx_word' id='word_1_33' title='bbox 505 651 601 713; x_wconf 86' lang='lat' dir='ltr'>quarn</span> <span class='ocrx_word' id='word_1_34' title='bbox 628 628 751 693; x_wconf 87' lang='lat' dir='ltr'>cantari</span> <span class='ocrx_word' id='word_1_35' title='bbox 779 629 820 692; x_wconf 87' lang='lat' dir='ltr'>ab</span> <span class='ocrx_word' id='word_1_36' title='bbox 850 630 1006 694; x_wconf 89' lang='lat' dir='ltr'>omnibus</span> <span class='ocrx_word' id='word_1_37' title='bbox 1028 628 1116 694; x_wconf 88' lang='lat' dir='ltr'>audio.</span> 
     </span>
    </p>
   </div>
   <div class='ocr_carea' id='block_1_3' title="bbox 86 715 872 809">
    <p class='ocr_par' dir='ltr' id='par_1_3' title="bbox 86 715 872 809">
     <span class='ocr_line' id='line_1_6' title="bbox 86 715 872 809; baseline -0.008 -22"><span class='ocrx_word' id='word_1_38' title='bbox 86 721 209 809; x_wconf 80' lang='lat' dir='ltr'>⁵Vale,</span> <span class='ocrx_word' id='word_1_39' title='bbox 231 720 351 786; x_wconf 87' lang='lat' dir='ltr'>Asulae</span> <span class='ocrx_word' id='word_1_40' title='bbox 375 717 556 804; x_wconf 70' lang='lat' dir='ltr'><strong>[MDLVIL</strong></span> <span class='ocrx_word' id='word_1_41' title='bbox 578 739 687 782; x_wconf 88' lang='lat' dir='ltr'>mense</span> <span class='ocrx_word' id='word_1_42' title='bbox 711 715 872 801; x_wconf 66' lang='lat' dir='ltr'>Octobri}</span> 
     </span>
    </p>
   </div>
   <div class='ocr_carea' id='block_1_4' title="bbox 514 1009 727 1020">
    <p class='ocr_par' dir='ltr' id='par_1_4' title="bbox 514 1009 727 1020">
     <span class='ocr_line' id='line_1_7' title="bbox 514 1009 727 1020; baseline -0.005 -1"><span class='ocrx_word' id='word_1_43' title='bbox 514 1009 727 1020; x_wconf 55' lang='grc' dir='ltr'>*α*-</span> 
     </span>
    </p>
   </div>
   <div class='ocr_carea' id='block_1_5' title="bbox 225 1282 1022 1528">
    <p class='ocr_par' dir='ltr' id='par_1_5' title="bbox 225 1282 1022 1528">
     <span class='ocr_line' id='line_1_8' title="bbox 562 1282 710 1349; baseline 0 -48"><span class='ocrx_word' id='word_1_44' title='bbox 562 1282 677 1349; x_wconf 69' lang='grc' dir='ltr'>ΧΧΝ</span> <span class='ocrx_word' id='word_1_45' title='bbox 705 1292 710 1301; x_wconf 94' lang='grc'><em>.</em></span> 
     </span>
     <span class='ocr_line' id='line_1_9' title="bbox 225 1442 1022 1528; baseline 0.001 -20"><span class='ocrx_word' id='word_1_46' title='bbox 225 1442 414 1528; x_wconf 84' lang='lat' dir='ltr'>Dionysio</span> <span class='ocrx_word' id='word_1_47' title='bbox 443 1443 629 1508; x_wconf 87' lang='lat' dir='ltr'>Lambino</span> <span class='ocrx_word' id='word_1_48' title='bbox 657 1443 861 1507; x_wconf 87' lang='lat' dir='ltr'>Patauium</span> <span class='ocrx_word' id='word_1_49' title='bbox 889 1453 950 1523; x_wconf 90' lang='lat' dir='ltr'>(IV,</span> <span class='ocrx_word' id='word_1_50' title='bbox 967 1453 1022 1520; x_wconf 80' lang='grc'>11).</span> 
     </span>
    </p>
   </div>
   <div class='ocr_carea' id='block_1_6' title="bbox 71 1601 1132 3630">
    <p class='ocr_par' dir='ltr' id='par_1_6' title="bbox 202 1601 1123 1701">
     <span class='ocr_line' id='line_1_10' title="bbox 202 1601 1123 1701; baseline -0.005 -30"><span class='ocrx_word' id='word_1_51' title='bbox 202 1603 317 1689; x_wconf 89' lang='lat' dir='ltr'>Neque</span> <span class='ocrx_word' id='word_1_52' title='bbox 349 1625 468 1690; x_wconf 85' lang='lat' dir='ltr'>negare</span> <span class='ocrx_word' id='word_1_53' title='bbox 498 1603 646 1667; x_wconf 90' lang='lat' dir='ltr'>audeot</span> <span class='ocrx_word' id='word_1_54' title='bbox 632 1602 708 1685; x_wconf 93' lang='lat' dir='ltr'>tibi,</span> <span class='ocrx_word' id='word_1_55' title='bbox 744 1601 869 1666; x_wconf 91' lang='lat' dir='ltr'>homini</span> <span class='ocrx_word' id='word_1_56' title='bbox 903 1604 1123 1701; x_wconf 83' lang='lat' dir='ltr'>eruditissime,</span> 
     </span>
    </p>

    <p class='ocr_par' dir='ltr' id='par_1_7' title="bbox 71 1690 1132 3618">
     <span class='ocr_line' id='line_1_11' title="bbox 115 1690 1122 1792; baseline -0.005 -33"><span class='ocrx_word' id='word_1_57' title='bbox 115 1694 206 1759; x_wconf 91' lang='lat' dir='ltr'>cuius</span> <span class='ocrx_word' id='word_1_58' title='bbox 237 1716 297 1780; x_wconf 86' lang='lat' dir='ltr'>ego</span> <span class='ocrx_word' id='word_1_59' title='bbox 327 1693 460 1777; x_wconf 86' lang='lat' dir='ltr'>plurimi</span> <span class='ocrx_word' id='word_1_60' title='bbox 488 1714 615 1792; x_wconf 86' lang='lat' dir='ltr'>semper</span> <span class='ocrx_word' id='word_1_61' title='bbox 645 1690 819 1756; x_wconf 87' lang='lat' dir='ltr'>amicitiam</span> <span class='ocrx_word' id='word_1_62' title='bbox 848 1691 926 1776; x_wconf 83' lang='lat' dir='ltr'>feci,</span> <span class='ocrx_word' id='word_1_63' title='bbox 956 1714 1073 1778; x_wconf 88' lang='lat' dir='ltr'>neque,</span> <span class='ocrx_word' id='word_1_64' title='bbox 1099 1690 1122 1755; x_wconf 85' lang='lat' dir='ltr'>si</span> 
     </span>
     <span class='ocr_line' id='line_1_12' title="bbox 74 1779 1123 1882; baseline -0.003 -35"><span class='ocrx_word' id='word_1_65' title='bbox 74 1818 101 1856; x_wconf 81' lang='lat'>10</span> <span class='ocrx_word' id='word_1_66' title='bbox 115 1783 283 1868; x_wconf 85' lang='lat' dir='ltr'>pollicear,</span> <span class='ocrx_word' id='word_1_67' title='bbox 324 1785 488 1882; x_wconf 87' lang='lat' dir='ltr'>praestare</span> <span class='ocrx_word' id='word_1_68' title='bbox 524 1780 647 1880; x_wconf 89' lang='lat' dir='ltr'>possim</span> <span class='ocrx_word' id='word_1_69' title='bbox 684 1779 730 1864; x_wconf 93' lang='lat' dir='ltr'>id,</span> <span class='ocrx_word' id='word_1_70' title='bbox 767 1779 853 1863; x_wconf 92' lang='lat' dir='ltr'>quod</span> <span class='ocrx_word' id='word_1_71' title='bbox 890 1802 909 1843; x_wconf 98' lang='grc'>1</span> <span class='ocrx_word' id='word_1_72' title='bbox 947 1803 1000 1845; x_wconf 92' lang='lat' dir='ltr'>me</span> <span class='ocrx_word' id='word_1_73' title='bbox 1038 1781 1123 1866; x_wconf 89' lang='lat' dir='ltr'>petis.</span> 
     </span>
     <span class='ocr_line' id='line_1_13' title="bbox 114 1832 1125 1955; baseline 0 -23"><span class='ocrx_word' id='word_1_74' title='bbox 114 1892 245 1952; x_wconf 87' lang='lat' dir='ltr'>premor</span> <span class='ocrx_word' id='word_1_75' title='bbox 283 1870 368 1933; x_wconf 89' lang='lat' dir='ltr'>enim</span> <span class='ocrx_word' id='word_1_76' title='bbox 406 1868 540 1932; x_wconf 87' lang='lat' dir='ltr'>domest</span> <span class='ocrx_word' id='word_1_77' title='bbox 516 1868 589 1932; x_wconf 91' lang='grc'>11111</span> <span class='ocrx_word' id='word_1_78' title='bbox 631 1832 853 1933; x_wconf 88' lang='lat' dir='ltr'>oneribust</span> <span class='ocrx_word' id='word_1_79' title='bbox 821 1872 853 1931; x_wconf 91' lang='lat' dir='ltr'>et</span> <span class='ocrx_word' id='word_1_80' title='bbox 890 1869 1125 1955; x_wconf 83' lang='lat' dir='ltr'>typographiae</span> 
     </span>
     <span class='ocr_line' id='line_1_14' title="bbox 114 1955 1125 2042; baseline 0.003 -22"><span class='ocrx_word' id='word_1_81' title='bbox 114 1978 203 2042; x_wconf 90' lang='lat' dir='ltr'>cura,</span> <span class='ocrx_word' id='word_1_82' title='bbox 235 1956 281 2020; x_wconf 92' lang='lat' dir='ltr'>sic</span> <span class='ocrx_word' id='word_1_83' title='bbox 308 1955 503 2041; x_wconf 77' lang='lat' dir='ltr'>mehercule,</span> <span class='ocrx_word' id='word_1_84' title='bbox 533 1955 638 2019; x_wconf 85' lang='lat' dir='ltr'>uixu</span> <span class='ocrx_word' id='word_1_85' title='bbox 616 1957 866 2021; x_wconf 89' lang='lat' dir='ltr'>utsustineam.</span> <span class='ocrx_word' id='word_1_86' title='bbox 913 1980 1037 2023; x_wconf 87' lang='lat' dir='ltr'>uacuae</span> <span class='ocrx_word' id='word_1_87' title='bbox 1064 1963 1125 2022; x_wconf 87' lang='lat' dir='ltr'>tan·</span> 
     </span>
     <span class='ocr_line' id='line_1_15' title="bbox 113 2043 1126 2197; baseline 0.003 -88.049"><span class='ocrx_word' id='word_1_88' title='bbox 113 2049 184 2109; x_wconf 92' lang='lat' dir='ltr'>tum</span> <span class='ocrx_word' id='word_1_89' title='bbox 219 2044 259 2109; x_wconf 88' lang='lat' dir='ltr'>ab</span> <span class='ocrx_word' id='word_1_90' title='bbox 291 2067 387 2128; x_wconf 90' lang='lat' dir='ltr'>opere</span> <span class='ocrx_word' id='word_1_91' title='bbox 417 2043 497 2108; x_wconf 89' lang='lat' dir='ltr'>mihi</span> <span class='ocrx_word' id='word_1_92' title='bbox 527 2043 754 2197; x_wconf 89' lang='lat' dir='ltr'>relinquuntur</span> <span class='ocrx_word' id='word_1_93' title='bbox 785 2046 883 2109; x_wconf 86' lang='lat' dir='ltr'>horae</span> <span class='ocrx_word' id='word_1_94' title='bbox 915 2047 1126 2130; x_wconf 82' lang='lat' dir='ltr'>uespertinac.</span> 
     </span>
     <span class='ocr_line' id='line_1_16' title="bbox 115 2133 1128 2220; baseline 0.001 -20"><span class='ocrx_word' id='word_1_95' title='bbox 115 2135 171 2200; x_wconf 87' lang='lat' dir='ltr'>sed</span> <span class='ocrx_word' id='word_1_96' title='bbox 194 2157 231 2199; x_wconf 92' lang='lat' dir='ltr'>eo</span> <span class='ocrx_word' id='word_1_97' title='bbox 255 2137 402 2218; x_wconf 89' lang='lat' dir='ltr'>tempore</span> <span class='ocrx_word' id='word_1_98' title='bbox 430 2136 501 2197; x_wconf 87' lang='lat' dir='ltr'>turn</span> <span class='ocrx_word' id='word_1_99' title='bbox 529 2133 625 2198; x_wconf 88' lang='lat' dir='ltr'>defat</span> <span class='ocrx_word' id='word_1_100' title='bbox 601 2136 685 2220; x_wconf 85' lang='lat' dir='ltr'>trgat</span> <span class='ocrx_word' id='word_1_101' title='bbox 687 2157 725 2199; x_wconf 92' lang='lat' dir='ltr'>us</span> <span class='ocrx_word' id='word_1_102' title='bbox 751 2133 920 2198; x_wconf 87' lang='lat' dir='ltr'>laboribus</span> <span class='ocrx_word' id='word_1_103' title='bbox 949 2137 1128 2200; x_wconf 79' lang='grc'>1111111111</span> 
     </span>
     <span class='ocr_line' id='line_1_17' title="bbox 75 2223 1126 2309; baseline -0.001 -20"><span class='ocrx_word' id='word_1_104' title='bbox 75 2257 100 2299; x_wconf 82' lang='lat'>15</span> <span class='ocrx_word' id='word_1_105' title='bbox 116 2225 258 2309; x_wconf 86' lang='lat' dir='ltr'>quietern</span> <span class='ocrx_word' id='word_1_106' title='bbox 286 2246 404 2309; x_wconf 87' lang='lat' dir='ltr'>quaero</span> <span class='ocrx_word' id='word_1_107' title='bbox 431 2223 652 2288; x_wconf 89' lang='lat' dir='ltr'>necessariam.</span> <span class='ocrx_word' id='word_1_108' title='bbox 697 2227 768 2287; x_wconf 90' lang='lat' dir='ltr'>tum</span> <span class='ocrx_word' id='word_1_109' title='bbox 791 2243 867 2286; x_wconf 90' lang='lat' dir='ltr'>uero</span> <span class='ocrx_word' id='word_1_110' title='bbox 892 2224 1038 2287; x_wconf 83' lang='lat' dir='ltr'>succedit</span> <span class='ocrx_word' id='word_1_111' title='bbox 1061 2247 1126 2289; x_wconf 91' lang='lat' dir='ltr'>ocu-</span> 
     </span>
     <span class='ocr_line' id='line_1_18' title="bbox 115 2311 1129 2399; baseline -0.001 -23"><span class='ocrx_word' id='word_1_112' title='bbox 115 2314 221 2377; x_wconf 88' lang='lat' dir='ltr'>lorum</span> <span class='ocrx_word' id='word_1_113' title='bbox 246 2313 337 2378; x_wconf 90' lang='lat' dir='ltr'>dolor</span> <span class='ocrx_word' id='word_1_114' title='bbox 359 2314 451 2397; x_wconf 91' lang='lat' dir='ltr'>isque</span> <span class='ocrx_word' id='word_1_115' title='bbox 475 2313 522 2377; x_wconf 90' lang='lat' dir='ltr'>ita</span> <span class='ocrx_word' id='word_1_116' title='bbox 544 2313 662 2399; x_wconf 81' lang='lat' dir='ltr'>grauis,</span> <span class='ocrx_word' id='word_1_117' title='bbox 685 2334 751 2376; x_wconf 91' lang='lat' dir='ltr'>non</span> <span class='ocrx_word' id='word_1_118' title='bbox 768 2311 864 2375; x_wconf 92' lang='lat' dir='ltr'>modo</span> <span class='ocrx_word' id='word_1_119' title='bbox 885 2315 922 2375; x_wconf 95' lang='lat' dir='ltr'>ut</span> <span class='ocrx_word' id='word_1_120' title='bbox 941 2311 1053 2398; x_wconf 83' lang='lat' dir='ltr'>legere</span> <span class='ocrx_word' id='word_1_121' title='bbox 1076 2315 1129 2377; x_wconf 89' lang='lat' dir='ltr'>aut</span> 
     </span>
     <span class='ocr_line' id='line_1_19' title="bbox 115 2399 1129 2489; baseline 0.001 -26"><span class='ocrx_word' id='word_1_122' title='bbox 115 2401 337 2485; x_wconf 89' lang='lat' dir='ltr'>commentari,</span> <span class='ocrx_word' id='word_1_123' title='bbox 370 2401 426 2464; x_wconf 91' lang='lat' dir='ltr'>sed</span> <span class='ocrx_word' id='word_1_124' title='bbox 454 2423 514 2464; x_wconf 87' lang='lat' dir='ltr'>nec</span> <span class='ocrx_word' id='word_1_125' title='bbox 544 2400 736 2465; x_wconf 88' lang='lat' dir='ltr'>domesticos</span> <span class='ocrx_word' id='word_1_126' title='bbox 768 2399 877 2464; x_wconf 88' lang='lat' dir='ltr'>audire</span> <span class='ocrx_word' id='word_1_127' title='bbox 910 2400 981 2464; x_wconf 89' lang='lat' dir='ltr'>sine</span> <span class='ocrx_word' id='word_1_128' title='bbox 1013 2422 1129 2489; x_wconf 82' lang='lat' dir='ltr'>magna</span> 
     </span>
     <span class='ocr_line' id='line_1_20' title="bbox 113 2486 1128 2585; baseline 0.005 -35"><span class='ocrx_word' id='word_1_129' title='bbox 113 2486 230 2551; x_wconf 89' lang='lat' dir='ltr'>molest</span> <span class='ocrx_word' id='word_1_130' title='bbox 232 2487 263 2550; x_wconf 87' lang='lat' dir='ltr'>ia</span> <span class='ocrx_word' id='word_1_131' title='bbox 216 2488 476 2585; x_wconf 85' lang='lat' dir='ltr'>tpossim.t</span> <span class='ocrx_word' id='word_1_132' title='bbox 449 2486 610 2551; x_wconf 90' lang='lat' dir='ltr'>itamobis</span> <span class='ocrx_word' id='word_1_133' title='bbox 629 2487 768 2552; x_wconf 89' lang='lat' dir='ltr'>ttraduci</span> <span class='ocrx_word' id='word_1_134' title='bbox 754 2493 809 2552; x_wconf 90' lang='lat' dir='ltr'>tur</span> <span class='ocrx_word' id='word_1_135' title='bbox 828 2487 895 2552; x_wconf 90' lang='lat' dir='ltr'>dies</span> <span class='ocrx_word' id='word_1_136' title='bbox 914 2492 1013 2572; x_wconf 88' lang='lat' dir='ltr'>atque</span> <span class='ocrx_word' id='word_1_137' title='bbox 1034 2491 1128 2554; x_wconf 89' lang='lat' dir='ltr'>etiam</span> 
     </span>
     <span class='ocr_line' id='line_1_21' title="bbox 113 2574 1129 2658; baseline 0.003 -19"><span class='ocrx_word' id='word_1_138' title='bbox 113 2574 219 2639; x_wconf 90' lang='lat' dir='ltr'>noctis</span> <span class='ocrx_word' id='word_1_139' title='bbox 241 2574 344 2638; x_wconf 90' lang='lat' dir='ltr'>maior</span> <span class='ocrx_word' id='word_1_140' title='bbox 367 2596 452 2657; x_wconf 89' lang='lat' dir='ltr'>pars.</span> <span class='ocrx_word' id='word_1_141' title='bbox 497 2595 563 2636; x_wconf 95' lang='lat' dir='ltr'>non</span> <span class='ocrx_word' id='word_1_142' title='bbox 591 2574 676 2638; x_wconf 90' lang='lat' dir='ltr'>enim</span> <span class='ocrx_word' id='word_1_143' title='bbox 699 2575 791 2658; x_wconf 88' lang='lat' dir='ltr'>prius</span> <span class='ocrx_word' id='word_1_144' title='bbox 818 2576 879 2641; x_wconf 91' lang='lat' dir='ltr'>hac</span> <span class='ocrx_word' id='word_1_145' title='bbox 906 2577 1057 2644; x_wconf 89' lang='lat' dir='ltr'>leuamur</span> <span class='ocrx_word' id='word_1_146' title='bbox 1083 2601 1129 2644; x_wconf 86' lang='lat' dir='ltr'>ca·</span> 
     </span>
     <span class='ocr_line' id='line_1_22' title="bbox 74 2660 1130 2762; baseline 0.006 -38"><span class='ocrx_word' id='word_1_147' title='bbox 74 2695 101 2734; x_wconf 72' lang='lat'>20</span> <span class='ocrx_word' id='word_1_148' title='bbox 115 2662 195 2746; x_wconf 91' lang='lat' dir='ltr'>pitis</span> <span class='ocrx_word' id='word_1_149' title='bbox 218 2661 401 2762; x_wconf 83' lang='lat' dir='ltr'>grauedine,</span> <span class='ocrx_word' id='word_1_150' title='bbox 425 2683 520 2744; x_wconf 89' lang='lat' dir='ltr'>quam</span> <span class='ocrx_word' id='word_1_151' title='bbox 544 2660 593 2725; x_wconf 92' lang='lat' dir='ltr'>sol</span> <span class='ocrx_word' id='word_1_152' title='bbox 615 2662 753 2728; x_wconf 90' lang='lat' dir='ltr'>medio</span> <span class='ocrx_word' id='word_1_153' title='bbox 744 2687 809 2728; x_wconf 87' lang='lat' dir='ltr'>ram</span> <span class='ocrx_word' id='word_1_154' title='bbox 826 2663 894 2729; x_wconf 84' lang='lat' dir='ltr'>Ant</span> <span class='ocrx_word' id='word_1_155' title='bbox 880 2665 1032 2749; x_wconf 90' lang='lat' dir='ltr'>tipodum</span> <span class='ocrx_word' id='word_1_156' title='bbox 1052 2668 1130 2732; x_wconf 85' lang='lat' dir='ltr'>orbe</span> 
     </span>
     <span class='ocr_line' id='line_1_23' title="bbox 114 2749 1129 2855; baseline 0.006 -41"><span class='ocrx_word' id='word_1_157' title='bbox 114 2750 278 2814; x_wconf 91' lang='lat' dir='ltr'>decurso</span> <span class='ocrx_word' id='word_1_158' title='bbox 269 2749 385 2833; x_wconf 81' lang='lat' dir='ltr'>incipit</span> <span class='ocrx_word' id='word_1_159' title='bbox 371 2749 449 2812; x_wconf 91' lang='lat' dir='ltr'>tad</span> <span class='ocrx_word' id='word_1_160' title='bbox 465 2770 526 2812; x_wconf 92' lang='lat' dir='ltr'>nos</span> <span class='ocrx_word' id='word_1_161' title='bbox 544 2771 706 2815; x_wconf 90' lang='lat' dir='ltr'>recurrere</span> <span class='ocrx_word' id='word_1_162' title='bbox 726 2753 811 2816; x_wconf 88' lang='grc'>11111</span> <span class='ocrx_word' id='word_1_163' title='bbox 830 2757 904 2818; x_wconf 92' lang='lat' dir='ltr'>ortu</span> <span class='ocrx_word' id='word_1_164' title='bbox 922 2777 981 2818; x_wconf 92' lang='lat' dir='ltr'>suo</span> <span class='ocrx_word' id='word_1_165' title='bbox 1001 2755 1129 2855; x_wconf 77' lang='lat' dir='ltr'>demum</span> 
     </span>
     <span class='ocr_line' id='line_1_24' title="bbox 113 2836 1129 2927; baseline 0.004 -22"><span class='ocrx_word' id='word_1_166' title='bbox 113 2839 201 2905; x_wconf 88' lang='lat' dir='ltr'>ualet</span> <span class='ocrx_word' id='word_1_167' title='bbox 201 2838 331 2902; x_wconf 85' lang='lat' dir='ltr'>udinem</span> <span class='ocrx_word' id='word_1_168' title='bbox 367 2836 447 2900; x_wconf 92' lang='lat' dir='ltr'>mihi</span> <span class='ocrx_word' id='word_1_169' title='bbox 480 2837 611 2902; x_wconf 90' lang='grc'>11111111</span> <span class='ocrx_word' id='word_1_170' title='bbox 577 2842 742 2924; x_wconf 88' lang='lat' dir='ltr'>tatemque</span> <span class='ocrx_word' id='word_1_171' title='bbox 774 2842 926 2906; x_wconf 90' lang='lat' dir='ltr'>restituit</span> <span class='ocrx_word' id='word_1_172' title='bbox 983 2845 1072 2927; x_wconf 92' lang='lat' dir='ltr'>quod</span> <span class='ocrx_word' id='word_1_173' title='bbox 1103 2842 1129 2909; x_wconf 89' lang='lat' dir='ltr'>si</span> 
     </span>
     <span class='ocr_line' id='line_1_25' title="bbox 114 2925 1129 3030; baseline 0.001 -35"><span class='ocrx_word' id='word_1_174' title='bbox 114 2929 272 3013; x_wconf 87' lang='lat' dir='ltr'>respirare</span> <span class='ocrx_word' id='word_1_175' title='bbox 297 2925 468 3010; x_wconf 88' lang='lat' dir='ltr'>aliquando</span> <span class='ocrx_word' id='word_1_176' title='bbox 491 2926 617 3015; x_wconf 80' lang='lat' dir='ltr'>licebit,</span> <span class='ocrx_word' id='word_1_177' title='bbox 590 2932 734 3030; x_wconf 79' lang='grc'>1111111</span> <span class='ocrx_word' id='word_1_178' title='bbox 757 2930 820 2996; x_wconf 92' lang='lat' dir='ltr'>tibi</span> <span class='ocrx_word' id='word_1_179' title='bbox 843 2952 932 2995; x_wconf 88' lang='grc'>111111</span> <span class='ocrx_word' id='word_1_180' title='bbox 956 2934 1129 3016; x_wconf 88' lang='lat' dir='ltr'>patebunt,</span> 
     </span>
     <span class='ocr_line' id='line_1_26' title="bbox 113 2981 1130 3107; baseline 0.001 -23"><span class='ocrx_word' id='word_1_181' title='bbox 113 3041 180 3084; x_wconf 95' lang='lat' dir='ltr'>non</span> <span class='ocrx_word' id='word_1_182' title='bbox 202 3017 236 3082; x_wconf 94' lang='lat' dir='ltr'>in</span> <span class='ocrx_word' id='word_1_183' title='bbox 258 3017 354 3080; x_wconf 86' lang='lat' dir='ltr'>horas</span> <span class='ocrx_word' id='word_1_184' title='bbox 376 3014 486 3102; x_wconf 87' lang='lat' dir='ltr'>modO,</span> <span class='ocrx_word' id='word_1_185' title='bbox 509 2981 621 3083; x_wconf 84' lang='lat' dir='ltr'>sedni</span> <span class='ocrx_word' id='word_1_186' title='bbox 644 3018 693 3084; x_wconf 94' lang='lat' dir='ltr'>int</span> <span class='ocrx_word' id='word_1_187' title='bbox 695 3042 789 3107; x_wconf 83' lang='lat' dir='ltr'>egros</span> <span class='ocrx_word' id='word_1_188' title='bbox 812 3021 910 3084; x_wconf 89' lang='lat' dir='ltr'>etiam</span> <span class='ocrx_word' id='word_1_189' title='bbox 934 3020 1011 3086; x_wconf 89' lang='lat' dir='ltr'>dies</span> <span class='ocrx_word' id='word_1_190' title='bbox 1053 3021 1130 3106; x_wconf 92' lang='lat' dir='ltr'>quid</span> 
     </span>
     <span class='ocr_line' id='line_1_27' title="bbox 71 3068 1131 3193; baseline 0.005 -23"><span class='ocrx_word' id='word_1_191' title='bbox 71 3129 98 3171; x_wconf 81' lang='grc'>11</span> <span class='ocrx_word' id='word_1_192' title='bbox 114 3108 200 3171; x_wconf 88' lang='lat' dir='ltr'>enim</span> <span class='ocrx_word' id='word_1_193' title='bbox 222 3103 303 3169; x_wconf 92' lang='lat' dir='ltr'>mihi</span> <span class='ocrx_word' id='word_1_194' title='bbox 324 3068 506 3193; x_wconf 73' lang='grc'>1111111111,</span> <span class='ocrx_word' id='word_1_195' title='bbox 531 3107 608 3191; x_wconf 93' lang='lat' dir='ltr'>quid</span> <span class='ocrx_word' id='word_1_196' title='bbox 631 3108 736 3173; x_wconf 89' lang='lat' dir='ltr'>etiam</span> <span class='ocrx_word' id='word_1_197' title='bbox 752 3133 774 3173; x_wconf 94' lang='lat' dir='ltr'>u</span> <span class='ocrx_word' id='word_1_198' title='bbox 774 3109 877 3193; x_wconf 90' lang='lat' dir='ltr'>tilius,</span> <span class='ocrx_word' id='word_1_199' title='bbox 901 3131 998 3193; x_wconf 92' lang='lat' dir='ltr'>quam</span> <span class='ocrx_word' id='word_1_200' title='bbox 1021 3116 1131 3176; x_wconf 87' lang='lat' dir='ltr'>tecum</span> 
     </span>
     <span class='ocr_line' id='line_1_28' title="bbox 113 3193 1130 3281; baseline 0.007 -25"><span class='ocrx_word' id='word_1_201' title='bbox 113 3194 152 3258; x_wconf 92' lang='lat' dir='ltr'>de</span> <span class='ocrx_word' id='word_1_202' title='bbox 175 3194 230 3257; x_wconf 89' lang='lat' dir='ltr'>litt</span> <span class='ocrx_word' id='word_1_203' title='bbox 201 3193 294 3257; x_wconf 89' lang='lat' dir='ltr'>tteris</span> <span class='ocrx_word' id='word_1_204' title='bbox 318 3215 413 3279; x_wconf 85' lang='lat' dir='ltr'>agere</span> <span class='ocrx_word' id='word_1_205' title='bbox 436 3197 557 3280; x_wconf 88' lang='lat' dir='ltr'>tuaque</span> <span class='ocrx_word' id='word_1_206' title='bbox 580 3196 718 3260; x_wconf 88' lang='lat' dir='ltr'>maxime</span> <span class='ocrx_word' id='word_1_207' title='bbox 741 3200 880 3261; x_wconf 86' lang='grc'>11111111</span> <span class='ocrx_word' id='word_1_208' title='bbox 904 3198 1049 3281; x_wconf 80' lang='lat' dir='ltr'>scripta?</span> <span class='ocrx_word' id='word_1_209' title='bbox 1090 3198 1130 3263; x_wconf 88' lang='lat' dir='ltr'>de</span> 
     </span>
     <span class='ocr_line' id='line_1_29' title="bbox 113 3281 1129 3368; baseline 0.007 -23"><span class='ocrx_word' id='word_1_210' title='bbox 113 3281 232 3365; x_wconf 92' lang='lat' dir='ltr'>quibus</span> <span class='ocrx_word' id='word_1_211' title='bbox 269 3281 347 3365; x_wconf 92' lang='lat' dir='ltr'>quid</span> <span class='ocrx_word' id='word_1_212' title='bbox 384 3283 578 3368; x_wconf 85' lang='lat' dir='ltr'>existimem,</span> <span class='ocrx_word' id='word_1_213' title='bbox 610 3285 757 3348; x_wconf 88' lang='lat' dir='ltr'>Muretus</span> <span class='ocrx_word' id='word_1_214' title='bbox 789 3289 901 3349; x_wconf 89' lang='lat' dir='ltr'>noster</span> <span class='ocrx_word' id='word_1_215' title='bbox 936 3288 1032 3352; x_wconf 91' lang='lat' dir='ltr'>testis</span> <span class='ocrx_word' id='word_1_216' title='bbox 1071 3292 1129 3352; x_wconf 87' lang='lat' dir='ltr'>est</span> 
     </span>
     <span class='ocr_line' id='line_1_30' title="bbox 111 3369 1127 3454; baseline 0.008 -20"><span class='ocrx_word' id='word_1_217' title='bbox 111 3392 200 3453; x_wconf 90' lang='lat' dir='ltr'>nam,</span> <span class='ocrx_word' id='word_1_218' title='bbox 232 3391 304 3434; x_wconf 90' lang='lat' dir='ltr'>cum</span> <span class='ocrx_word' id='word_1_219' title='bbox 337 3372 377 3434; x_wconf 90' lang='lat' dir='ltr'>ad</span> <span class='ocrx_word' id='word_1_220' title='bbox 408 3396 460 3437; x_wconf 89' lang='lat' dir='ltr'>me</span> <span class='ocrx_word' id='word_1_221' title='bbox 493 3377 545 3438; x_wconf 90' lang='lat' dir='ltr'>oct</span> <span class='ocrx_word' id='word_1_222' title='bbox 547 3394 620 3454; x_wconf 88' lang='lat' dir='ltr'>auo,</span> <span class='ocrx_word' id='word_1_223' title='bbox 658 3369 786 3452; x_wconf 89' lang='lat' dir='ltr'>opinor,</span> <span class='ocrx_word' id='word_1_224' title='bbox 824 3372 943 3438; x_wconf 84' lang='lat' dir='ltr'>abhinc</span> <span class='ocrx_word' id='word_1_225' title='bbox 976 3398 1060 3441; x_wconf 87' lang='lat' dir='ltr'>anno</span> <span class='ocrx_word' id='word_1_226' title='bbox 1094 3377 1127 3441; x_wconf 94' lang='lat' dir='ltr'>in</span> 
     </span>
     <span class='ocr_line' id='line_1_31' title="bbox 111 3457 1130 3559; baseline 0.006 -36"><span class='ocrx_word' id='word_1_227' title='bbox 111 3457 245 3523; x_wconf 87' lang='lat' dir='ltr'>Iudecae</span> <span class='ocrx_word' id='word_1_228' title='bbox 265 3459 452 3559; x_wconf 80' lang='lat' dir='ltr'>suburbano</span> <span class='ocrx_word' id='word_1_229' title='bbox 471 3460 564 3525; x_wconf 89' lang='lat' dir='ltr'>habit</span> <span class='ocrx_word' id='word_1_230' title='bbox 550 3463 621 3523; x_wconf 88' lang='lat' dir='ltr'>atnt</span> <span class='ocrx_word' id='word_1_231' title='bbox 623 3481 681 3526; x_wconf 91' lang='lat' dir='ltr'>em</span> <span class='ocrx_word' id='word_1_232' title='bbox 700 3457 849 3542; x_wconf 84' lang='lat' dir='ltr'>ignotum</span> <span class='ocrx_word' id='word_1_233' title='bbox 868 3466 962 3524; x_wconf 87' lang='lat' dir='ltr'>antea</span> <span class='ocrx_word' id='word_1_234' title='bbox 980 3464 1019 3527; x_wconf 88' lang='lat' dir='ltr'>de</span> <span class='ocrx_word' id='word_1_235' title='bbox 1037 3465 1130 3550; x_wconf 88' lang='lat' dir='ltr'>facie,</span> 
     </span>
     <span class='ocr_line' id='line_1_32' title="bbox 72 3516 1132 3630; baseline 0.003 -19"><span class='ocrx_word' id='word_1_236' title='bbox 72 3571 100 3612; x_wconf 84' lang='grc'>11</span> <span class='ocrx_word' id='word_1_237' title='bbox 112 3547 228 3614; x_wconf 91' lang='lat' dir='ltr'>uolunt</span> <span class='ocrx_word' id='word_1_238' title='bbox 214 3547 297 3612; x_wconf 86' lang='lat' dir='ltr'>tario</span> <span class='ocrx_word' id='word_1_239' title='bbox 318 3548 434 3612; x_wconf 89' lang='lat' dir='ltr'>adduct</span> <span class='ocrx_word' id='word_1_240' title='bbox 420 3553 473 3613; x_wconf 88' lang='lat' dir='ltr'>tus</span> <span class='ocrx_word' id='word_1_241' title='bbox 492 3547 598 3612; x_wconf 81' lang='lat' dir='ltr'>officio</span> <span class='ocrx_word' id='word_1_242' title='bbox 617 3545 758 3630; x_wconf 88' lang='lat' dir='ltr'>adiisses,</span> <span class='ocrx_word' id='word_1_243' title='bbox 776 3546 958 3612; x_wconf 87' lang='lat' dir='ltr'>humanitat</span> <span class='ocrx_word' id='word_1_244' title='bbox 910 3552 1011 3615; x_wconf 87' lang='lat' dir='ltr'>tatem</span> <span class='ocrx_word' id='word_1_245' title='bbox 1032 3516 1132 3618; x_wconf 85' lang='lat' dir='ltr'>simul</span> 
     </span>
    </p>
   </div>
   <div class='ocr_carea' id='block_1_7' title="bbox 0 0 1213 3922">
    <p class='ocr_par' dir='ltr' id='par_1_8' title="bbox 0 0 1213 3922">
     <span class='ocr_line' id='line_1_33' title="bbox 0 0 1213 3922; baseline 0 0"><span class='ocrx_word' id='word_1_246' title='bbox 0 0 1213 3922; x_wconf 95' lang='lat' dir='ltr'> </span> 
     </span>
    </p>
   </div>
   <div class='ocr_carea' id='block_1_8' title="bbox 869 3842 1017 3876">
    <p class='ocr_par' dir='ltr' id='par_1_9' title="bbox 869 3842 1017 3876">
     <span class='ocr_line' id='line_1_34' title="bbox 869 3842 1017 3876; baseline 0 0"><span class='ocrx_word' id='word_1_247' title='bbox 869 3842 915 3876; x_wconf 78' lang='grc' dir='ltr'><strong><em>Δ</em></strong></span> <span class='ocrx_word' id='word_1_248' title='bbox 991 3852 1017 3876; x_wconf 74' lang='grc'>1-</span> 
     </span>
    </p>
   </div>
  </div>
 </body>
</html>
