2430 3922
354 169 480 228 XXXIV.
499 170 643 242 Stephano
662 171 768 228 Saulio.
1045 174 1084 238 71

66 330 233 417 libellum,
263 355 396 418 grauem
426 333 609 416 sententiis,
638 333 798 399 illustrem
825 333 949 419 uerbis,
982 335 1022 398 ad
1053 340 1086 401 te

66 419 173 487 mittit
195 425 318 505 tuoque
341 422 483 487 dicatum
504 422 629 487 nomini
653 422 804 487 omnibus
831 422 985 509 gentibus
1007 422 1088 489 Aca

68 509 176 573 demia
196 515 310 575 nostra
333 511 555 576 communicat.
594 533 674 595 quae
698 532 771 576 cum
793 533 827 575 se
850 510 923 598 tibi,
945 534 1004 576 suo
1023 513 1087 596 pri-

66 619 157 662 mum
190 598 310 664 iudicio
343 603 516 685 commota,
546 599 612 664 tuis
641 599 755 663 deinde
784 600 909 664 meritis
938 599 1088 685 impulsa,

67 686 202 769 penitus
225 687 394 773 addixerit,
418 688 551 752 eandem
575 687 816 753 obseruantiam
843 689 878 752 in
907 689 994 752 omni
1018 689 1087 754 uita
1114 711 1127 751 ⁵

67 775 252 858 praestabit
272 781 313 859 et,
331 780 368 841 ut
387 799 457 840 eam
475 777 603 841 futurae
619 798 746 861 quoque
761 781 874 862 gentes
893 776 1088 863 inteliigant,

67 863 153 948 ipsc,
182 864 223 927 ad
250 887 347 948 quem
383 865 492 929 omnia
518 865 699 950 referimus,
732 887 857 930 summo
889 865 958 930 Deo
992 887 1088 950 opem

66 951 202 1038 ferente,
216 952 326 1037 aliquo
341 953 457 1018 merito
472 976 711 1037 consequemur.
739 954 788 1019 Tu
802 954 941 1037 interim,
960 954 1088 1039 quando

66 1040 132 1104 iam
160 1041 224 1106 1100
247 1042 393 1107 tribuisti
416 1042 611 1107 humanitati
634 1047 725 1128 tuae,
752 1046 789 1107 ut
816 1065 876 1107 nos
900 1043 1088 1127 susciperes,

66 1129 179 1193 tribue
197 1129 284 1194 idem
303 1131 510 1218 constantiae,
529 1135 566 1196 ut
584 1135 751 1214 susceptos
769 1131 890 1196 tuearis
908 1152 945 1196 ao
967 1132 1088 1218 foueas,
1103 1155 1130 1195 rc

65 1217 113 1281 ita
132 1221 256 1303 tamen,
280 1219 308 1284 si
329 1241 399 1305 nos,
422 1224 479 1284 tuo
498 1219 657 1303 praesidio
680 1241 716 1285 ac
735 1220 843 1285 studio
862 1219 986 1306 dignos,
1005 1220 1090 1285 idest

64 1310 182 1372 nostra
199 1305 331 1393 ingenia
349 1308 384 1372 in
403 1308 536 1392 optimis
555 1307 680 1372 artibus
700 1313 884 1372 exercentes
897 1313 1088 1393 nostrasque

65 1395 256 1461 uoluntates
284 1396 324 1460 ad
352 1419 449 1460 unam
476 1397 631 1460 uirtutem
660 1396 835 1482 dirigentes
863 1401 896 1462 et
923 1397 1033 1462 audies
1056 1403 1088 1462 et

64 1506 100 1550 re
124 1484 198 1569 ipsa
222 1506 405 1570 cognosces.
450 1484 605 1551 Venetiis.
629 1485 807 1550 MDLVHI.
903 1529 906 1535 ·

471 1719 684 1726 -—-—-—--

503 1907 649 1974 XXXIV.
1099 1931 1124 1972 15

253 2049 448 2134 Stephano
472 2048 603 2115 Saulio
628 2049 794 2114 Genuam
818 2063 853 2130 (Ι,
868 2061 904 2126 5).

154 2191 315 2277 Magnum
342 2191 422 2254 mihi
455 2191 607 2256 solatium
634 2191 745 2256 attulit
772 2191 910 2275 epistola
937 2197 1007 2277 tua,
1040 2194 1086 2257 iu-

66 2281 268 2346 cunditatem
296 2279 400 2343 dicere
429 2302 496 2344 non
527 2302 668 2364 possum.
724 2301 820 2363 quam
850 2283 998 2363 tempora
1028 2282 1085 2345 eri-

65 2370 163 2453 piunt
188 2369 244 2453 sic,
267 2372 303 2432 ut
321 2390 373 2432 me
391 2367 543 2433 tristitiae
562 2372 668 2433 totum
690 2390 791 2452 paene
814 2368 1009 2434 tradiderim.
1035 2369 1085 2435 Ac

65 2458 211 2542 primum
239 2456 358 2521 obiisse
386 2456 481 2522 audio
509 2458 642 2521 fratrem
671 2479 779 2521 meum
801 2457 980 2544 Bononiae,
1012 2481 1085 2523 cum
1099 2479 1125 2519 ao

65 2546 192 2611 ualeret
216 2545 348 2629 optime,
371 2545 542 2628 repentino
565 2545 680 2609 morbo
707 2567 906 2629 oppressum.
953 2548 1085 2615 fratrem

66 2656 140 2700 011111
165 2633 246 2718 dioc,
269 2656 320 2697 me
344 2633 482 2698 alterum
505 2634 574 2698 iure
596 2637 730 2698 naturae
754 2633 833 2699 (1100.
870 2657 984 2700 uerum
1002 2635 1084 2700 addo

65 2722 160 2788 illud:
195 2721 329 2805 obierit,
360 2722 388 2787 si
418 2744 494 2786 uera
516 2726 700 2807 narrantur,
727 2722 826 2787 frater
848 2723 890 2808 is,
915 2725 970 2807 qui
994 2724 1084 2789 boni-

65 2816 133 2876 tate
156 2809 358 2896 praestabat,
386 2810 517 2875 ualebat
539 2810 683 2896 ingenie,
712 2811 890 2876 excellebat
917 2812 1084 2898 industria,

65 2899 172 2964 faetus
200 2899 241 2963 ad
264 2899 372 2963 omnia
403 2899 542 2963 maxime
575 2898 719 2964 omnium
748 2900 928 2964 uidebatur.
973 2901 1083 2983 itaque
1098 2919 1124 2960 aa

67 2988 192 3053 obruor
215 2987 325 3052 dolore
347 3009 416 3074 nec,
439 2992 529 3073 puto,
553 3009 723 3073 emergam,
745 2988 808 3052 nisi
827 2992 883 3052 aut
901 2987 950 3051 1111
968 2987 1083 3052 melius

65 3099 136 3142 essc
159 3097 353 3162 cognouero,
376 3079 442 3163 aut,
465 3076 492 3140 si
513 3080 648 3140 naturae
671 3075 834 3159 satisfecit,
858 3097 953 3158 opem
971 3075 1083 3140 tulerit

63 3165 138 3250 ipsa
157 3165 235 3250 dies,
260 3186 343 3248 quae
370 3164 458 3229 ualet
481 3163 521 3228 ad
545 3164 652 3229 omnia
673 3163 860 3248 plurimum,
883 3162 981 3228 animi
1005 3185 1083 3229 uero

63 3254 190 3319 morbis
213 3253 289 3337 plus
313 3252 410 3317 etiam
433 3252 603 3338 interdum,
627 3275 722 3336 quam
740 3252 832 3337 ratio,
850 3251 1003 3318 medetur.
1031 3251 1084 3317 Ad

63 3341 149 3407 hanc
181 3341 418 3428 aegritudinem
451 3341 604 3406 accedunt
639 3341 813 3405 domestica
845 3363 978 3425 meaque
1011 3364 1083 3426 pro·
1096 3356 1123 3398 ³⁰

158 3540 193 3590 20
214 3532 355 3588 ‘fratrem’
376 3531 540 3588 Antonium.
