2400 3922
320 165 393 224 XIX.
421 164 577 237 Hippolyto
596 165 716 223 Estensi.
983 167 1027 233 47
1109 167 1112 174 '

28 349 229 483 abab
252 327 1028 501 11111111111111111111

28 504 195 571 onsultum
224 503 266 569 iri
296 502 419 587 optime
449 526 510 587 pro
540 510 628 571 certo
659 504 894 571 existimabam.
942 507 1028 591 quod

28 593 137 678 nando
161 593 210 657 ita
233 591 350 657 accidit
373 595 406 656 et
429 593 557 676 quando
584 616 636 658 me
664 615 683 657 a
705 598 763 659 tuo
787 593 938 658 conuictu
960 616 1027 659 non

28 703 80 749 rea
109 681 279 764 uoluntas,
309 701 377 745 non
405 679 561 746 iudicium
590 685 647 748 aut
677 681 744 746 ulla
772 681 891 746 mentis
920 681 1027 747 incon-
1055 704 1070 746 a

28 769 145 855 lautia,
173 770 232 835 sed
259 768 405 853 corporis
427 769 635 836 imbecillitas
658 774 757 854 atque
779 770 859 835 haec
882 769 1028 835 anniuer-

28 859 88 925 arii
124 880 162 923 ac
194 879 297 943 paene
332 856 397 923 iam
433 859 584 942 perpetui
616 858 723 924 morbi
760 858 811 923 uis
842 859 1030 942 importuna

28 946 169 1034 aiungit,
191 950 269 1031 peto
293 967 313 1010 a
334 949 381 1026 te,
403 945 560 1031 Princeps
582 947 827 1034 humanissime,
849 947 884 1012 id
906 947 1031 1033 saltem,

28 1036 98 1120 {uod
120 1035 155 1099 in
174 1038 241 1120 tua,
263 1055 330 1099 non
352 1033 386 1099 in
406 1035 556 1101 fortunae
579 1057 676 1103 manu
699 1035 799 1102 situm
823 1041 881 1121 est,
904 1036 1030 1102 tribuas

28 1127 46 1189 t
72 1123 228 1210 largiare,
255 1127 293 1188 ut
322 1123 549 1188 beneuolentia
578 1124 659 1189 mihi
691 1128 748 1189 tua
779 1129 825 1208 et,
854 1147 936 1209 quae
966 1125 1030 1190 fuit
1044 1149 1072 1189 ro

28 1216 108 1278 ntea
136 1216 184 1297 et,
207 1225 315 1296 quae?
331 1211 359 1276 si
382 1211 423 1276 ad
446 1216 479 1277 te
501 1211 647 1297 inissem,
676 1213 786 1278 futura
809 1219 891 1298 erat,
920 1214 1031 1278 eadem

28 1305 231 1366 anseruetur.
269 1300 332 1364 hoc
351 1299 379 1365 si
397 1321 560 1386 assequor,
583 1301 699 1366 beatus
721 1300 782 1367 hac
805 1322 926 1366 unare
950 1324 1031 1386 sum,

28 1393 121 1455 atera
155 1388 362 1474 paruipendo.
422 1410 459 1452 ea
495 1411 594 1472 porro
627 1389 708 1454 mihi
743 1393 780 1454 ut
814 1395 1030 1475 conseruetur,

28 1482 62 1544 ta
85 1477 233 1563 postulo,
259 1477 288 1541 si
309 1499 375 1560 me,
403 1476 508 1561 qualis
530 1477 566 1543 in
587 1478 661 1543 aula
683 1482 741 1543 tua
763 1478 910 1564 fuissem,
932 1479 1031 1543 talem

28 1588 85 1632 1111
124 1567 294 1631 absentem
332 1565 550 1653 intellexeris,
594 1566 678 1633 idest
716 1567 945 1633 obseruantem
981 1566 1030 1631 tui
1044 1587 1071 1629 15

28 1676 137 1738 araque
164 1654 200 1720 in
227 1654 321 1718 laude
350 1654 438 1720 omni
465 1655 572 1721 studio
600 1661 634 1721 et
661 1654 858 1741 cogitatione
882 1655 1031 1718 defixum.

28 1741 108 1821 duod
139 1742 167 1807 si
200 1742 395 1826 quibusdam
425 1743 545 1808 litteris
580 1743 707 1809 animus
739 1764 758 1807 a
789 1765 841 1808 me
873 1747 949 1808 tuus
982 1747 1032 1807 est

28 1832 171 1916 sffensus,
197 1831 284 1915 quod
306 1830 341 1896 in
363 1830 404 1896 iis
432 1830 520 1897 dicar
541 1832 648 1897 minus
676 1833 827 1918 fortasse,
855 1852 952 1916 quam
982 1830 1032 1894 de-

28 1920 97 2006 ait,
126 1920 166 1984 de
193 1923 227 1984 te
254 1923 312 1984 aut
339 1919 378 1984 de
401 1919 467 1985 tuis
490 1920 635 1985 modeste
661 1920 803 2004 locutus,
831 1920 918 2004 quod
945 1923 1031 1985 certe

28 2031 107 2076 11111
130 2012 190 2093 cat,
213 2007 270 2072 sed
293 2007 320 2073 si
339 2030 391 2073 me
412 2013 490 2074 tunc
513 2031 533 2072 a
548 2030 621 2075 mea
640 2007 871 2075 consuetudine
889 2007 1031 2092 impetus
1045 2029 1073 2070 ao

28 2097 148 2183 {uidam
171 2095 580 2162 abduxissetiracundiae:
601 2097 689 2162 nosti
712 2119 772 2181 pro
796 2102 854 2162 tua
872 2095 1032 2180 sapientia

28 2186 184 2274 ngenium
206 2185 392 2251 humanum.
433 2207 550 2272 magna
573 2185 624 2250 uis
647 2185 767 2250 doloris
791 2189 849 2250 est.
894 2182 1031 2266 impelli·
1097 2202 1104 2215 ·

28 2296 88 2341 nur
106 2295 206 2358 saepe
224 2272 363 2360 longius,
387 2295 484 2358 quam
501 2273 585 2339 ratio
604 2274 759 2339 concedat
782 2277 824 2359 ct,
846 2273 932 2338 facta
949 2291 1032 2356 quae

28 2367 101 2451 ant,
130 2361 243 2448 paullo
267 2367 344 2446 post
370 2361 490 2427 infecta
512 2363 634 2427 frustra
660 2361 817 2446 cupimus.
863 2365 897 2425 te
924 2363 1033 2425 tamen

28 2456 61 2519 ta
88 2451 183 2517 decet
211 2449 377 2536 ignoscere
405 2450 508 2516 dolori
536 2473 623 2537 meo,
652 2450 680 2515 si
708 2473 748 2515 ex
775 2450 875 2533 iusta,
904 2452 942 2514 ut
970 2470 1031 2535 ego
1046 2470 1073 2512 aa

28 2541 167 2623 rbitror,
191 2560 303 2604 caussa
326 2543 496 2623 susceptus
519 2543 577 2604 est,
619 2538 670 2605 sin
692 2539 787 2605 aliter
809 2538 871 2604 tibi
894 2536 1032 2615 uidetur,

28 2650 184 2716 gnoscere
217 2631 326 2693 tamen
358 2627 470 2711 debes,
505 2632 544 2692 ut
576 2627 700 2692 eluceat
733 2627 838 2715 magis
870 2625 906 2691 in
937 2623 1033 2708 culpa

28 2717 210 2785 comanitas.
256 2737 338 2800 quae
365 2715 394 2781 si
422 2715 510 2781 omni
537 2715 636 2803 digna
662 2714 814 2800 Principe
841 2715 946 2780 uirtus
975 2718 1033 2798 est,

28 2828 48 2873 a
86 2805 222 2872 uidetur
257 2803 409 2888 Principe
450 2804 654 2891 dignissima,
695 2826 792 2890 quem
828 2803 868 2868 ad
905 2823 1033 2868 omnem

28 2895 143 2962 audem
184 2896 304 2958 natura
342 2892 469 2979 genuit,
511 2892 683 2977 disciplina
724 2891 877 2978 erudiuit,
917 2889 1032 2954 multo·
1046 2911 1073 2952 co

28 3006 85 3051 nm
114 3004 279 3049 annorum
309 2981 506 3046 consuetudo
537 2981 716 3047 assuefecit.
761 2980 857 3064 Vale,
878 2975 1033 3043 Venetiis.

28 3069 225 3153 annum]

421 3244 635 3257 -——-
