2430 3922
482 181 699 245 ..35-

80 341 183 401 omnia
213 340 333 422 ordine,
366 360 425 420 quo
454 344 566 421 scripta
598 353 681 423 sunt,
713 341 843 403 cribrata
874 345 906 403 in
938 344 1097 405 caccabum

80 429 283 511 coniciuntur,
307 447 460 510 opopauax
483 430 549 490 olco
573 430 706 492 diluitur.
749 429 807 492 Ubi
829 439 1028 510 temperatum
1052 442 1098 493 est

77 517 345 601 medicamentum,
368 517 506 580 manibus
530 518 692 599 subigitur;
715 519 828 600 linitur,
851 537 920 580 cum
943 538 1018 599 opus
1042 529 1097 602 est,

77 605 168 667 aluta.

170 692 325 755 LXXXIII.
362 695 407 756 Ad
436 698 588 774 sanguinis
617 698 805 774 eruptionem
832 698 894 757 sive
918 715 954 756 cx
978 698 1132 758 arteriisb

79 785 143 844 sive
163 801 179 844 a
198 782 340 861 pulmone
358 783 405 844 vel
427 794 550 863 pectore
569 802 603 845 ea
626 785 731 864 fuerit,
754 783 830 844 hene
854 784 924 844 lacit
948 783 1097 864 symphyti

78 871 179 952 mdlx,
200 888 287 949 quam
303 872 422 950 quidam
440 872 552 933 inulam
567 875 710 935 rusticam
725 881 843 953 vocant,
863 872 981 951 quidam
997 882 1097 933 autem

78 958 159 1020 alum
184 957 329 1019 Gallicum
353 960 469 1041 dicunt,
498 961 558 1022 lota
585 981 662 1041 aqua
689 962 796 1041 frigida
824 971 854 1022 ct
881 979 947 1023 rasa
976 960 1095 1023 cultello

79 1047 215 1109 eburneo
248 1046 295 1107 vel
327 1065 412 1108 osseo
444 1048 576 1128 pondere
609 1052 753 1112 sextantis
786 1060 837 1111 aut
868 1049 950 1132 plus,
982 1049 1012 1111 id
1041 1058 1096 1131 est,

79 1143 226 1215 qnantum
243 1137 356 1215 poterit
373 1136 552 1198 manducare
567 1146 598 1199 et
611 1137 767 1200 devorare:
786 1141 978 1217 nequeenim
997 1157 1096 1200 amara
1116 1152 1151 1200 10

79 1232 134 1286 est.
173 1223 299 1304 Oportet
322 1232 422 1286 autem
440 1225 544 1286 eodem
568 1226 615 1288 dle
639 1235 757 1289 acetum
779 1245 840 1286 non
863 1235 993 1307 gustare,
1017 1227 1096 1307 quod
1137 1297 1139 1304 Ι

78 1312 231 1374 interdum
254 1331 309 1392 per
328 1332 360 1374 se
380 1315 535 1393 magnifice
559 1315 634 1376 solet
656 1316 808 1396 prodesse,
831 1314 882 1375 sed
906 1315 996 1376 huius
1019 1315 1096 1377 radi·

81 1404 126 1464 cis
145 1401 284 1463 effectum
302 1402 433 1464 resolvit.
473 1402 548 1463 Item
565 1403 642 1465 bene
661 1405 732 1465 lacit
750 1403 901 1483 polygonii
920 1421 1010 1465 sucus
1030 1421 1095 1483 cya-

80 1490 202 1551 thorum
225 1489 352 1551 duorum
376 1499 427 1552 aut
450 1493 542 1552 trium
564 1511 619 1572 per
642 1492 776 1575 triduum
799 1493 945 1571 repetitus
965 1499 995 1552 et
1013 1491 1095 1571 plan·

78 1579 188 1658 tagInIs
217 1586 247 1639 et
274 1579 368 1640 solani
396 1579 500 1640 eodem
528 1580 616 1641 modo
645 1598 744 1643 sucus.
789 1579 915 1640 Prodest
938 1589 968 1641 ct
996 1589 1095 1640 cretae
1115 1593 1149 1643 15

80 1667 197 1729 Samiae
220 1687 248 1746 p.
264 1667 320 1728 XI
344 1676 496 1749 sumptum
518 1688 554 1730 ex
578 1687 671 1748 aquae
694 1669 818 1748 frigIdac
842 1669 942 1747 rigore
961 1667 1095 1729 detracto

79 1756 194 1836 cyatbiS
210 1755 317 1817 tribus.
349 1757 476 1818 Prodest
490 1766 520 1818 et
538 1756 657 1840 herbae,
677 1776 765 1837 quam
783 1751 889 1818 πόλιον
903 1764 1022 1834 vocant,
1039 1773 1095 1817 nos

80 1855 113 1906 ut
127 1848 234 1924 opInor
248 1847 410 1928 tiniariam,
428 1845 602 1928 fasciculus,
622 1855 765 1926 quantum
784 1863 874 1907 manu
891 1844 1096 1925 conprehendi

78 1940 192 2014 potest,
224 1936 256 1993 in
283 1933 381 1994 tribus
414 1936 542 1995 heminis
575 1954 668 2015 aquae
697 1936 839 1996 decoctus
866 1942 897 1996 et
925 1933 962 1996 ad
990 1935 1094 1995 tertias

78 2021 233 2101 redactus,
261 2025 287 2083 si
311 2025 378 2102 quis
405 2024 475 2084 inde
498 2024 620 2104 cyathos
646 2035 707 2085 tres
731 2023 848 2085 dederit
874 2041 929 2102 per
952 2022 1093 2084 triduum.
1112 2037 1147 2086 20

169 2109 341 2172 LXXXIIII.
379 2111 505 2192 Oportet
528 2121 627 2173 antem
651 2120 734 2173 extra
762 2113 904 2173 santlenti
926 2109 1034 2172 vulnus
1058 2129 1094 2171 eo

78 2199 146 2260 loco
165 2217 325 2279 spongeam
345 2219 382 2260 cx
405 2219 480 2280 aqua
503 2203 618 2263 recenti
640 2203 785 2280 iuponcre
805 2199 850 2259 vel
869 2217 906 2259 cx
929 2207 1013 2260 aceto
1033 2201 1094 2259 acri

48 2307 111 2349 -ao
140 2288 315 2367 frequenter
342 2297 472 2370 mutare,
501 2308 538 2350 nc
567 2289 765 2350 concalefacta
794 2295 913 2368 noceat,
940 2296 971 2347 ct
993 2296 1093 2347 vetare

77 2384 162 2438 artus
182 2379 397 2460 constringere,
421 2377 499 2456 quod
521 2377 657 2457 plerIque
676 2376 860 2438 medicorum
879 2375 992 2436 faciunt
1010 2376 1092 2454 Igno·

75 2473 189 2546 rantes,
214 2467 292 2545 quod
316 2468 457 2527 incitatur
481 2468 634 2546 sanguinis
657 2467 775 2545 eruptio
796 2463 1001 2526 musculorum
1025 2481 1093 2525 con·
1112 2480 1147 2530 εὖ

76 2556 247 2636 pressione,
276 2554 515 2634 quandoquidem
544 2557 640 2615 omnis
669 2555 843 2616 constrictio
871 2555 903 2613 iu
935 2561 1094 2632 utramque

76 2651 193 2721 partem
218 2645 316 2723 cngct
339 2661 432 2722 aeque
456 2643 620 2705 subiectam
648 2645 816 2724 materiam,
844 2644 922 2704 sIcut
944 2651 1043 2703 utrem
1068 2642 1094 2702 si

77 2733 146 2811 quis
170 2731 302 2793 medium
325 2731 431 2810 laqueo
451 2734 676 2814 constrinxerit,
700 2730 913 2792 animadvertet
931 2732 962 2790 iu
982 2739 1093 2790 utram·

78 2837 137 2900 qua
168 2828 283 2899 partem
311 2819 469 2881 excludere
502 2820 670 2882 subiectum
703 2819 849 2898 liquorem
877 2826 906 2879 et
935 2820 961 2877 si
989 2835 1092 2896 super·

76 2908 193 2969 foratus
221 2926 291 2970 casu
322 2909 427 2990 fuerit,
460 2910 632 2971 imitatione
661 2906 855 2968 eiaculabitur
883 2905 963 2985 quod
996 2907 1028 2965 in
1056 2922 1091 2965 eo
1111 2924 1146 2974 30

77 2999 143 3059 erit.
190 2995 301 3058 Eadem
325 3015 396 3077 ergo
420 3000 535 3059 ratione
559 3016 626 3059 cum
655 2996 776 3076 sanguis
804 3001 928 3073 eruptus
953 3004 1012 3074 est,
1040 2995 1093 3073 qui

150 3192 165 3240 1
189 3186 340 3242 caccabum
363 3185 402 3241 L:
431 3185 566 3241 cacabum
590 3185 626 3240 R.
698 3181 907 3239 burbensii.
981 3186 997 3236 6
1021 3181 1051 3252 a]
1076 3196 1091 3234 o

76 3257 218 3327 Boetta'yer
235 3273 270 3312 ex
284 3256 341 3313 Mj
386 3254 798 3326 apondareocripaizp0.1l.'
844 3258 877 3308 13
895 3250 1031 3321 polygoni
1046 3252 1090 3306 M.

77 3327 218 3382 roduam
238 3328 282 3384 M.
352 3333 386 3383 lb
400 3333 465 3398 post
482 3327 601 3383 Prodest
618 3327 794 3395 temptacio
811 3322 847 3379 R.
917 3328 951 3378 18
970 3324 1091 3392 quantus

75 3397 119 3452 M.
175 3404 210 3454 20
228 3398 370 3470 redactus]
388 3398 510 3453 redactis
527 3398 626 3465 naeu,
644 3403 675 3454 ot
692 3397 727 3464 ef.
744 3397 821 3452 Plias.
835 3399 893 3451 aut.
907 3395 969 3449 aar.
985 3398 1028 3461 26,
1043 3398 1091 3447 54:

75 3468 179 3540 hysopi
197 3469 357 3541 manipulus
374 3470 508 3526 decoctus
526 3470 563 3524 nd
581 3469 689 3525 tertias.
758 3472 791 3522 21
810 3465 901 3536 extra]
916 3463 1034 3520 interino
1048 3463 1090 3519 M.

77 3545 111 3595 22
132 3541 279 3610 sfongeam
297 3540 337 3596 L:
357 3539 512 3611 spongiam.

903 3624 942 3676 (ὸῖ
