2400 3922
427 151 489 208 XII.
508 150 583 206 Vido
602 151 704 208 Fabro.
1028 151 1071 217 21

51 313 228 399 acceperis,
250 314 339 378 hunc
361 318 398 378 tu
417 313 497 379 mihi
521 315 718 399 scrupulum,
740 313 832 398 Vide,
855 315 883 380 si
902 338 942 380 ex
965 316 1073 381 animo

51 403 224 487 euelleres,
246 403 369 468 faceres
391 403 531 468 humane
553 424 613 467 nec
636 407 746 467 tamen
768 403 892 489 inique,
915 426 988 470 eum
1011 405 1073 470 hoe

51 493 171 577 ipsum,
195 492 284 576 quod
307 491 514 556 commissum
537 512 556 555 1
578 512 630 557 me
655 495 713 575 est,
735 492 878 575 primum
906 516 945 557 11
968 494 1074 558 111111

52 581 150 666 eulpa
172 581 330 666 pendeat,
358 580 471 645 deinde
497 602 584 646 nunc
611 580 741 664 quidem
764 581 861 645 ctiam
884 582 1072 668 corrigatur.

51 669 156 736 Venio
176 670 219 734 ad
238 674 312 734 tuas
329 669 369 734 lit
355 673 464 754 tteras,
483 669 602 754 quibus
621 668 701 733 mihi
720 669 845 755 gratius
862 670 946 734 nihil
964 675 1023 754 pot
1009 671 1114 735 tuito

53 759 208 842 accidere,
223 758 363 823 dicerem
381 756 606 842 iucundius,
574 779 638 822 msi
629 756 800 822 clausula
813 759 869 822 illa
884 759 922 822 de
936 759 1073 824 Bunello

52 870 123 913 meo
147 847 248 933 plane
272 869 400 913 omnem
423 846 656 912 iucunditatem
675 847 824 930 eriperet.
859 869 935 912 nam
954 848 1000 912 111
1022 849 1074 913 111

53 937 232 1021 existimes,
265 958 306 1001 111
335 936 423 1001 illius
455 935 518 1000 uiri
548 934 684 1000 interitu
711 940 840 1001 tantum
867 959 919 1001 me
949 937 1073 1021 cepisse

55 1026 209 1110 dolorem,
229 1029 386 1110 quantum
404 1025 541 1091 fortasse
561 1024 629 1089 dies
648 1025 817 1090 exhaurire
835 1026 925 1090 nulla
943 1031 1002 1110 pot
988 1026 1073 1091 terit.

53 1113 191 1180 Vixerat
218 1135 346 1179 mecum
368 1112 515 1178 Venetiis
544 1134 604 1197 per
626 1113 886 1198 quadriennium,
916 1136 989 1179 cum
1013 1137 1073 1202 ego
1090 1136 1115 1176 11

55 1203 88 1268 in
110 1203 170 1269 illo
195 1202 397 1304 probitatem
424 1223 552 1268 morum
574 1201 795 1287 uirtutemque
818 1204 995 1290 diligerem,
1019 1204 1074 1268 ille

54 1292 86 1357 in
106 1314 161 1359 me
185 1291 453 1392 propensionem,
476 1291 585 1373 credo,
608 1292 769 1444 quandam
792 1293 833 1357 ad
859 1293 914 1356 litt
900 1297 986 1357 teras
1008 1315 1075 1357 non

56 1381 266 1466 improbaret.
312 1379 522 1445 intercessere
542 1379 668 1444 etiam
659 1384 708 1444 int
710 1402 745 1445 er
766 1404 827 1445 nos
851 1382 958 1445 officia
981 1403 1075 1465 quae·

57 1469 140 1553 dam,
167 1470 226 1534 sed
254 1490 273 1533 a
300 1491 353 1535 me
375 1468 461 1533 leuia
488 1489 548 1532 nee
575 1468 655 1533 satis
678 1468 790 1556 digna,
815 1492 895 1553 quae
919 1471 1074 1534 memoria

57 1563 257 1642 tenerentur,
285 1578 367 1642 quae
390 1562 500 1622 tamen
523 1557 592 1643 ille,
618 1562 657 1621 ut
681 1562 750 1621 1111
773 1563 899 1644 gratus,
921 1581 988 1623 non
1010 1577 1115 1623 111-11

58 1647 186 1713 1111111
210 1646 326 1729 solum,
349 1647 406 1712 sed
428 1646 614 1730 praedicare
638 1646 736 1710 etiam
768 1646 903 1710 solebat.
946 1668 1006 1732 ego
1030 1648 1072 1710 ab

61 1735 109 1801 illo
141 1735 325 1801 maximum
355 1734 519 1800 habebam
551 1735 758 1820 beneficium,
791 1734 878 1818 quod
915 1757 966 1798 me
999 1757 1074 1798 oum

60 1822 237 1910 Philelphis
257 1827 289 1888 11
305 1822 478 1908 Campanis
496 1823 605 1888 nescio
625 1823 744 1908 quibus
763 1822 815 1911 (ut
829 1823 902 1887 aliis
916 1821 1073 1910 parcam),

61 1912 168 1978 misere
192 1916 356 1978 errantem
378 1911 413 1977 in
435 1913 519 1977 hanc
541 1916 628 1976 recte
652 1912 815 1977 scribendi
838 1912 925 1977 uiam
948 1912 1074 1996 primus

60 2000 233 2067 induxerat.
278 2000 451 2065 videbatur
480 2001 674 2085 quibusdam
696 2005 813 2065 natura
836 2002 994 2084 seuerior,
1017 2002 1074 2066 sed
1087 2022 1114 2062 ao

62 2095 122 2155 erat
143 2089 332 2156 lenissimus
360 2111 438 2175 erga
465 2090 516 2154 sui
539 2089 674 2174 similes,
700 2090 763 2155 hoc
791 2094 840 2154 est
864 2113 940 2176 erga
969 2091 1074 2154 bonos

10 2210 13 2233 ÷
63 2179 141 2244 uiros
147 2231 157 2265 ‚
188 2179 249 2243 ubi
278 2177 398 2242 uitium
429 2183 554 2262 nosset,
584 2199 697 2242 censor
728 2178 911 2242 acerrimus.
963 2177 1074 2242 distin-

62 2288 153 2353 guere
174 2266 326 2332 homines
343 2288 410 2332 non
427 2267 559 2332 fortuna
578 2267 634 2331 sed
652 2266 799 2331 moribus
818 2266 952 2330 solebat.
983 2265 1074 2350 loqui

62 2356 94 2419 ad
115 2356 321 2423 uoluntatem
343 2377 449 2440 neque
472 2355 543 2439 ipse
567 2359 696 2440 poterat
718 2376 824 2439 neque
846 2355 940 2441 ferre,
959 2355 1015 2439 qui
1034 2355 1075 2419 ad

60 2444 150 2511 istem
187 2449 292 2510 artem
329 2444 434 2509 erudit
420 2448 474 2509 tus
508 2449 605 2509 esset:
637 2448 728 2508 totus
765 2448 834 2508 erat
870 2448 1096 2527 apertus2
1037 2449 1110 2509 eta
1098 2460 1108 2474 ·

60 2533 202 2618 simplex.
250 2533 329 2598 satis
358 2533 424 2598 seio
452 2533 562 2618 fuisse,
586 2532 642 2617 qui
665 2533 758 2597 illum
782 2534 938 2617 deprauat
939 2555 976 2597 ae
1004 2533 1076 2597 reli·

58 2622 162 2708 gionis
188 2621 321 2688 nomine
348 2621 384 2686 in
410 2621 533 2687 crimen
560 2621 756 2686 uocauerint.
807 2642 946 2705 quorum
972 2621 1075 2686 uitam

58 2710 178 2777 1111111
200 2709 332 2777 Bunelli
354 2711 423 2774 uita
447 2731 665 2795 comparares,
688 2708 799 2775 Socrat
785 2714 853 2775 tem
876 2710 1075 2775 (1111111111-

57 2821 192 2884 quorum
229 2799 470 2882 conspiratione
506 2799 771 2864 circumuentum.
823 2798 930 2864 Coluit
916 2803 1075 2863 tomnes

56 2888 192 2954 uirtutes
222 2891 255 2952 et
283 2887 481 2971 philosopho
510 2886 625 2974 dignas
657 2892 689 2952 11
718 2887 850 2953 homine
881 2887 1073 2969 Christiano,
1088 2899 1116 2940 ³0

56 2977 108 3042 red
130 2975 367 3043 continentiam
390 2980 519 3059 praeter
542 2980 673 3040 ceteras.
710 2977 770 3041 hac
788 2998 866 3040 uero
885 2975 940 3038 ille
963 2974 1075 3038 trium-

55 3065 169 3149 phauit
191 3064 334 3131 maxime
354 3068 388 3128 et
404 3064 622 3148 triumphauit
641 3065 836 3147 adolescens,
859 3085 932 3126 cum
951 3067 1075 3127 ceteros

54 3154 206 3240 uoluptas
235 3152 333 3237 capit.
371 3174 435 3236 quo
464 3153 647 3217 mirandum
674 3159 723 3218 est
753 3152 874 3235 minus,
905 3151 934 3216 si
963 3156 1075 3217 tantus

52 3249 165 3327 postea
193 3242 246 3308 uir
275 3263 316 3305 ex
343 3245 436 3306 tanto
401 3241 661 3307 adolescente
690 3243 756 3305 fact
742 3246 796 3305 tus
820 3245 877 3305 est.
902 3251 999 3306 nam
1023 3264 1075 3306 11·

52 3337 188 3399 tremam
207 3331 297 3396 uitae
317 3334 454 3414 partem,
477 3352 627 3413 quam,u
629 3330 696 3394 tin
714 3329 826 3393 fabula
844 3335 961 3415 actum,
984 3330 1074 3393 decet
1088 3339 1115 3381 ⁸5

53 3443 117 3487 1111
144 3417 437 3519 perfectissimam,
468 3418 632 3483 heroicam
667 3418 762 3482 audio
791 3418 951 3483 fuisset
920 3423 951 3481 11
979 3417 1074 3500 plane

52 3505 1074 3594 1111111111.11111111111111111111,117111111111111111111
1177 3526 1184 3583 4
