2430 3922
523 162 784 237 -72-Δ

87 403 88 406 ,
214 335 364 398 CLXXVI.
397 336 556 398 Antidotus
572 335 666 396 Cassii
688 333 798 394 medici
816 333 887 394 facit
905 332 1048 395 adversus
1065 335 1143 396 toxi-

124 445 194 488 cum
221 433 340 506 potum,
367 425 472 486 eadem
499 426 525 484 si
554 426 621 503 quis
645 429 789 484 venenato
812 421 871 482 telo
899 440 1063 500 percussus
1088 432 1143 507 est,

124 523 279 594 praeterea
303 514 339 574 ad
361 514 458 574 omnis
481 514 630 591 serpentis
653 529 772 574 morsus
795 518 847 572 aut
869 512 958 592 ictus,
980 513 1143 593 praecipue

125 605 161 666 ad
184 605 267 666 canis
290 601 402 664 rabiosi
425 619 543 662 morsus
566 600 613 662 bis
637 601 685 662 die
708 607 826 679 sumpta
849 599 981 679 pondere
1002 599 1029 662 X
1051 605 1143 664 unius

91 708 163 754 sex
190 711 266 772 aqua
293 691 398 755 mulsa.
444 689 528 751 Facit
555 689 591 750 ad
618 691 750 770 pectoris
772 695 803 749 et
828 687 931 749 lateris
954 689 1090 751 dolorem
1113 699 1144 753 et

127 783 235 843 tussim
259 788 289 842 et
312 783 410 842 omnia
438 781 592 840 interanea
617 777 769 839 inflatione
792 776 886 838 aliove
910 780 1016 856 quovis
1039 778 1143 842 dolore

128 878 280 948 correpta:
310 868 401 931 Nardi
428 869 528 948 spicae
553 867 691 947 Syriacae
714 885 742 946 p.
762 864 788 926 X
810 865 865 948 lll,
893 868 970 926 costi
996 887 1025 948 p.
1044 866 1071 928 X
1094 868 1144 952 Ill,

128 960 271 1038 cinnami,
298 960 467 1037 gentianae,
493 957 603 1036 casiae,
630 973 763 1037 murrae,
787 953 973 1034 singulorum
995 955 1071 1035 p.X
1093 955 1144 1041 lll,

127 1048 208 1107 croci
240 1065 268 1125 p.
291 1045 317 1106 X
344 1044 398 1126 lll,
430 1063 505 1107 uvae
532 1062 637 1125 passae
666 1052 809 1124 purgatae
840 1042 918 1124 p.X
946 1043 987 1127 ll,
1019 1045 1144 1109 schoeni

75 1148 109 1197 10
126 1153 155 1213 p.
170 1132 196 1192 X
215 1132 256 1214 ll,
279 1132 460 1213 opobalsami
482 1132 552 1211 p.X
570 1133 610 1208 11,
633 1136 734 1214 misys,
758 1132 845 1194 dauci
869 1132 1056 1211 singulorum
1074 1134 1142 1214 p.X

127 1221 167 1303 ll,
191 1214 305 1283 cumini
322 1221 490 1301 Aethiopici
511 1241 540 1301 p.
560 1220 586 1282 X
609 1222 645 1303 ll,
668 1223 750 1282 acori
770 1219 839 1300 p.X
863 1219 917 1281 llll
936 1230 967 1282 et
985 1224 1143 1305 victoriati,

128 1313 206 1373 asari
228 1330 256 1391 p.
275 1310 301 1372 X
323 1310 337 1371 l
359 1318 389 1372 et
413 1312 575 1391 victoriati,
602 1309 777 1389 petroselini
799 1327 827 1388 p.
847 1307 873 1369 X
896 1308 910 1369 l
933 1318 964 1371 et
986 1313 1144 1394 victoriati,

127 1402 241 1481 piperis
255 1393 348 1480 longi
376 1419 404 1480 p.
423 1398 449 1458 X
472 1400 485 1459 l
509 1407 540 1460 et
562 1401 723 1479 victoriati,
750 1399 865 1478 piperis
894 1396 953 1459 albi
980 1419 1009 1479 p.
1029 1399 1055 1460 X
1077 1399 1092 1460 1
1115 1409 1144 1463 et

129 1490 290 1570 victoriati,
321 1488 383 1567 phu
410 1488 527 1549 Pontici
559 1490 681 1550 seminis
708 1505 736 1566 p.
761 1484 787 1546 X
814 1486 869 1566 lll,
901 1505 990 1567 rapae
1021 1491 1144 1551 seminis

76 1592 109 1640 15
127 1575 197 1657 p.X
215 1576 283 1659 llll,
307 1577 393 1638 nardi
411 1577 550 1638 foliorum
568 1575 637 1655 p.X
656 1574 710 1655 Ill,
729 1575 829 1636 scillae
850 1577 998 1637 victoriati
1017 1578 1144 1662 pondus,

128 1664 251 1728 feniculi
279 1667 402 1727 seminis
428 1664 503 1744 p.X
530 1663 597 1746 llll,
624 1663 721 1726 mellis
749 1665 841 1725 Attici
868 1657 948 1744 qu'od
977 1667 1051 1727 satis
1077 1669 1145 1729 erit.

128 1755 172 1816 Ad
195 1772 343 1815 venenum
366 1753 456 1815 etad
479 1761 635 1833 serpentes
658 1771 695 1814 ex
718 1755 797 1833 vino,
824 1753 860 1814 ad
884 1762 1002 1814 ceteros
1026 1754 1145 1818 dolores

128 1845 351 1903 interaneorum
373 1860 409 1902 ex
432 1860 517 1920 aqua.

218 1929 379 1991 CLXXVII.
415 1930 575 1991 Antidotus
593 1929 736 1991 Marciani
759 1930 881 2010 medici,
905 1933 955 1992 cui
978 1932 1049 2010 quia
1071 1932 1146 1994 nihil

76 2033 111 2083 20
130 2018 227 2100 deest,
259 2019 352 2080 τελεία
379 2018 491 2079 dicitur
519 2018 645 2099 Graece,
677 2019 707 2080 id
735 2028 781 2080 est
807 2019 949 2098 perfecta.
995 2019 1081 2082 Facit
1110 2022 1145 2084 ad

130 2109 228 2168 omnia
246 2107 319 2170 haec
337 2108 418 2188 vitia,
436 2107 472 2168 ad
492 2126 567 2188 quae
587 2109 758 2188 superiores
777 2109 903 2169 antidoti
922 2126 1035 2171 omnes.
1065 2109 1146 2173 Haec

129 2198 263 2276 Augusto
282 2196 402 2258 Caesari
425 2196 662 2277 conponebatur:
686 2196 821 2260 Ginnami
843 2215 872 2276 p.
889 2196 915 2256 X
934 2196 1014 2280 Vlll,
1036 2202 1146 2261 amomi

129 2285 198 2366 p.X
216 2284 267 2367 Vl,
290 2287 387 2347 casiae
405 2287 508 2365 nigrae
526 2304 555 2364 p.
570 2285 596 2345 X
614 2284 701 2365 XXV,
724 2287 806 2347 croci
828 2303 857 2364 p.
875 2285 900 2345 X
919 2285 997 2366 XVl,
1022 2287 1146 2350 schoeni

129 2373 198 2453 p.X
217 2374 250 2455 V,
274 2376 351 2436 turis
374 2374 443 2453 p.X
462 2373 494 2454 V,
516 2376 630 2454 piperis
651 2373 710 2434 albi
732 2372 801 2453 p.X
820 2372 860 2453 ll,
882 2393 1003 2436 murrae
1022 2394 1051 2456 p.
1066 2376 1146 2458 XX,

76 2478 110 2526 25
129 2464 242 2542 piperis
266 2463 347 2541 longi
368 2481 397 2541 p.
416 2462 442 2522 X
461 2461 497 2543 X,
519 2462 604 2523 nardi
623 2462 742 2524 lndicae
764 2462 833 2542 p.X
853 2461 924 2544 XS,
946 2463 1035 2526 nardi
1056 2465 1145 2528 Celti·

130 2567 182 2610 cae
204 2567 233 2627 p.
252 2548 279 2608 X
302 2549 380 2626 XVl,
407 2568 493 2611 rosae
521 2551 621 2612 aridae
644 2570 672 2631 p.
692 2550 718 2610 X
742 2550 793 2632 Vl,
821 2553 897 2612 costi
925 2551 985 2613 albi
1013 2573 1041 2634 p.
1060 2553 1088 2617 X
1110 2555 1145 2636 ll,

130 2635 311 2717 opobalsami
338 2637 412 2716 p.X
439 2636 507 2719 llll,
533 2638 638 2700 laseris
667 2639 822 2719 Cyrenaici
849 2642 1000 2702 victoriati
1026 2643 1145 2723 pondus

130 2726 176 2788 vel
195 2725 309 2806 Syriaci
330 2746 360 2807 p.
378 2726 404 2787 X
427 2726 453 2807 l,
477 2727 652 2789 stoechados
675 2748 702 2807 p.
722 2727 748 2787 X
771 2727 822 2809 Vl,
845 2731 1000 2806 gentianae
1025 2749 1054 2810 p.
1070 2731 1096 2792 X
1114 2731 1147 2812 V,

129 2815 235 2877 trifolii
257 2817 337 2877 acuti
359 2816 468 2877 radicis
491 2835 520 2896 p.
535 2816 561 2876 X
577 2815 631 2877 llll
650 2816 696 2878 vel
715 2817 849 2878 eiusdem
868 2819 991 2879 seminis
1010 2836 1040 2898 p.
1054 2818 1082 2880 X
1097 2819 1147 2902 lll,

78 2923 112 2971 30
131 2904 242 2965 scordii
265 2904 333 2985 p.X
352 2904 388 2984 X,
410 2903 483 2984 polii
504 2923 533 2984 p.
548 2904 574 2964 X
592 2904 626 2986 V,
648 2907 727 2966 asari
749 2905 818 2984 p.X
842 2905 881 2985 ll,
904 2909 986 2968 acori
1008 2908 1078 2987 p.X
1097 2908 1146 2991 lll,

130 2992 193 3072 phu
215 2991 285 3071 p.X
304 2992 357 3073 lll,
379 2996 456 3073 misy
474 2994 543 3072 p.X
562 2993 601 3074 ll,
625 2994 767 3055 dictamni
788 2993 857 3073 p.X
877 2994 945 3075 Xll,
968 2998 1146 3059 ammoniaci

131 3089 232 3160 guttae
251 3080 320 3161 p.X
339 3080 393 3163 lll,
417 3084 526 3161 agarici
549 3081 618 3162 p.X
637 3082 729 3144 durrm
753 3085 852 3164 semis,
874 3082 999 3144 balsami
1024 3088 1147 3146 seminis

75 3320 78 3325 ἱ
203 3257 221 3305 4
244 3252 367 3321 pondere
389 3267 449 3322 epos
472 3259 514 3320 p0.
533 3253 568 3308 R.
643 3260 659 3308 6
680 3252 773 3308 aliove
792 3254 891 3321 quovis
915 3255 1011 3311 dolore
1034 3259 1146 3327 scripsi:

132 3321 245 3390 alioque
273 3322 370 3379 dolore
400 3325 450 3377 aut
478 3323 577 3392 quovis
604 3324 633 3379 R
665 3323 757 3379 aliove
786 3342 841 3393 quo
871 3325 968 3382 dolore
996 3327 1145 3399 Bocttiqer.

134 3398 167 3447 10
180 3391 266 3462 mysis
280 3394 317 3449 R.
374 3399 406 3448 15
421 3393 554 3449 foliorum
572 3397 683 3464 scripsi:
702 3393 772 3450 folin
786 3395 822 3450 R.
876 3397 1020 3454 victoriati
1038 3400 1147 3470 pondus

132 3479 190 3532 epo:
200 3462 432 3591 tpjiclcgiatiff·
452 3471 494 3535 p0.
514 3466 622 3535 pondus
641 3466 677 3522 R.
750 3472 784 3520 21
804 3466 880 3522 Haec
899 3470 1011 3538 scripsi:
1030 3471 1093 3525 Hoc
1110 3471 1147 3528 B.

132 3539 198 3589 28s
232 3549 282 3588 eea
303 3549 333 3589 os
382 3579 388 3591 .
