2400 3922
141 184 181 251 78
329 184 454 243 XXXVX
482 183 611 240 Andreae
629 184 746 240 Duditio
766 183 956 242 Sbardellato.

574 417 719 482 XXXVI.

140 561 328 648 [Andreae
346 561 508 626 Duditio
528 559 786 644 Sbardellato]
806 558 1011 623 Patauium
1030 569 1089 639 (IV,
1106 569 1154 633 18).

229 703 332 768 Valde
350 704 454 786 probo
473 699 665 765 industriam
683 704 783 785 tuam,
802 699 958 784 quemad
979 701 1153 766 ornandum

141 790 370 857 commentario
407 789 571 853 aureolum
606 787 765 853 Demetrii
801 789 951 853 libellum
988 788 1067 874 περὶ
1103 799 1153 872 τῆς

114 879 315 966 sesamae
337 877 511 943 contulisti.
558 877 614 941 sed
639 882 813 962 antequam
840 877 1031 944 institutum
1055 877 1153 943 absol·

139 989 207 1049 uas,
228 967 297 1031 fore
320 966 470 1050 arbitror,
493 969 530 1030 ut
554 970 647 1030 exeat
670 966 708 1050 is,
732 987 828 1050 quem
846 965 965 1033 Petrus
984 966 1152 1054 Bargaeus,

139 1054 195 1138 qui
209 1051 363 1118 Pisanum
376 1053 582 1141 gymnasium
596 1054 758 1139 politioris
773 1054 936 1120 doctrinae
955 1056 1152 1138 professione

138 1141 289 1227 illustrat,
313 1147 387 1207 ante
411 1143 535 1226 aliquot
558 1165 694 1228 menses,
717 1147 754 1206 ut
777 1143 880 1228 audio,
904 1144 1055 1208 confecit.
1101 1145 1151 1208 ita·

140 1253 202 1315 que
225 1231 335 1296 malim
358 1233 399 1295 ad
420 1231 599 1296 Diodorum
626 1231 788 1296 latinitate
817 1231 1003 1296 donandum
1027 1255 1151 1317 operam

100 1345 127 1386 ιο
140 1319 346 1404 studiumque
374 1325 467 1385 tuum
495 1325 677 1407 conuertas,
708 1342 762 1405 ne,
796 1319 882 1404 quod
909 1320 1016 1404 aiunt,
1052 1326 1151 1385 actum

140 1431 225 1495 agas.
266 1431 343 1473 nam
364 1409 524 1496 Bargaeo,
548 1431 643 1494 quem
666 1413 703 1474 tu
725 1409 862 1473 fortasse
885 1431 951 1474 non
974 1410 1079 1495 nosti,
1100 1429 1151 1473 nec

139 1497 270 1585 ingenio
293 1520 353 1563 nec
372 1498 517 1564 doctrina
534 1520 594 1563 nee
613 1497 796 1582 eloquentia
814 1496 986 1581 quisquam
1005 1501 1151 1582 praestat,

143 1587 292 1673 quodque
316 1588 429 1672 paucis
451 1587 623 1652 admodum
646 1585 798 1673 contigit,
827 1590 898 1649 tum
922 1586 1067 1652 oratoria
1089 1591 1151 1651 tum

142 1677 270 1760 poetica
305 1677 400 1742 laude
437 1677 559 1760 pariter
595 1675 731 1740 excellit.
790 1673 876 1738 absit
912 1672 1017 1760 igitur
1055 1675 1150 1741 omnis

102 1789 128 1828 15
142 1765 315 1829 aemulatio
344 1766 385 1829 ab
410 1765 463 1848 iis,
492 1786 572 1848 quos
601 1786 661 1850 ego
689 1761 782 1827 unice
810 1761 910 1849 diligo
939 1768 972 1827 et
996 1786 1016 1827 a
1040 1764 1150 1848 quibus

141 1852 220 1915 item
253 1851 345 1936 diligi
373 1875 424 1916 me
453 1853 565 1916 sentio.
613 1851 742 1915 Calores
774 1851 827 1916 hie
857 1850 941 1915 nihil
973 1853 1151 1917 remittunt:

139 1940 267 2003 seruent
291 1939 406 2002 omnia.
453 1939 629 2022 quodnisi
657 1944 761 2003 terrae
792 1940 857 2003 iam
884 1945 1037 2023 perustae
1066 1942 1152 2005 uber·

139 2027 230 2092 rimis
254 2026 415 2091 imbribus
434 2026 498 2092 cito
516 2027 698 2111 madefiant,
721 2028 837 2092 caritas
856 2027 1033 2093 multarum
1051 2051 1152 2094 rerum

142 2121 175 2182 et
197 2117 385 2182 morborum
407 2115 457 2180 uis
480 2116 611 2181 ineunte
635 2120 790 2181 autumno
814 2116 943 2181 uidetur
961 2117 1151 2203 impendere.

102 2231 128 2271 eo
141 2207 228 2294 Ego,
258 2211 295 2272 ut
318 2205 394 2271 anni
417 2211 547 2290 tempus
570 2211 632 2291 est,
659 2228 725 2272 non
747 2204 947 2270 incommode
971 2207 1079 2272 ualeo:
1105 2227 1152 2271 ne·

142 2295 232 2380 gotia
256 2318 346 2381 curo,
370 2294 473 2360 otium
496 2300 529 2360 et
552 2296 658 2361 studia
681 2295 798 2381 cogito.
843 2293 1075 2359 Kalendarium
1097 2295 1152 2360 Ro·

141 2403 272 2445 manum
300 2389 394 2447 uetus
422 2406 495 2447 cum
519 2384 670 2466 opinione
693 2405 764 2447 mea
792 2382 830 2446 de
857 2382 983 2447 ratione
1011 2388 1152 2448 ueterum

142 2469 266 2532 dierum
295 2474 327 2532 et
354 2469 533 2533 necessaria
560 2470 742 2533 litterarum
764 2471 1034 2554 interpretatione
1063 2491 1152 2556 saepe

142 2556 207 2620 iam
230 2579 248 2620 a
271 2560 304 2620 te
322 2560 473 2642 rogatum
492 2555 567 2639 quie
589 2577 649 2619 neo
667 2554 738 2639 ipse
757 2556 919 2623 habebam
938 2581 998 2624 nec
1016 2560 1152 2645 reperire

103 2667 129 2708 25
142 2644 333 2708 facillimum
369 2644 444 2726 fuit,
481 2643 576 2707 mitto
614 2643 716 2707 serius
753 2651 922 2729 acceptum
954 2671 974 2712 a
1007 2646 1154 2714 familiari

142 2755 227 2818 meo,
273 2732 343 2796 uiro
389 2731 494 2815 probo
536 2734 568 2794 et
610 2731 749 2817 erudito,
793 2734 959 2819 Raphaele
1003 2737 1155 2822 Cyllenio.

143 2821 304 2887 describes
335 2824 367 2884 et
396 2817 555 2904 remittes,
588 2820 740 2904 quoniam
773 2845 855 2908 quae
885 2829 961 2889 sunt
995 2826 1074 2891 olim
1102 2826 1155 2890 im-

143 2933 254 2996 pressa
282 2930 354 2974 cum
382 2906 507 2994 Sigonii
536 2909 642 2995 fastis,
672 2912 799 2976 nullum
828 2935 868 2978 ex
897 2913 938 2977 iis
968 2913 1155 3000 iampridem

143 3001 256 3065 uenale
280 3001 435 3082 superest.
477 2996 512 3061 in
534 2999 596 3063 hoc
620 3004 737 3085 autem,
760 3006 797 3066 ut
816 3001 938 3086 aliquid
961 3001 1053 3068 ame
1070 3021 1155 3088 prae·

103 3089 275 3173 eocipuum
303 3087 453 3171 haberes,
485 3086 598 3153 itidem
625 3093 662 3154 ut
691 3112 751 3176 ego
779 3095 812 3153 te
842 3090 1016 3175 praecipue
1048 3093 1155 3179 diligo,

144 3176 299 3259 quaedam
331 3175 458 3240 uidebis
486 3174 656 3243 immutata
684 3199 756 3262 neo,
785 3178 913 3264 opinor,
946 3179 1156 3263 improbabis.

141 3263 236 3348 Vale,
258 3264 405 3329 Venetiis
429 3264 604 3351 [Meum.
712 3314 717 3322 .

233 3445 248 3491 2
267 3441 299 3493 In
323 3439 449 3496 editione
473 3441 541 3494 anni
565 3447 633 3495 1571
657 3440 687 3493 et
717 3453 811 3506 seqqu.
835 3457 885 3509 pro
909 3441 1022 3496 nomine
1045 3442 1159 3501 Duditii

144 3508 295 3564 asteriscus
313 3511 422 3579 positus
442 3513 493 3566 est.
553 3580 556 3585 g
1130 3550 1133 3554 ·

546 3622 758 3631 ———-
