2430 3922
279 628 465 689 Scribonii
488 627 593 707 Largi
617 630 899 708 conpositiones.

169 770 191 831 1.
228 768 273 830 Ad
297 772 402 848 capitis
425 769 558 830 dolorem
582 771 671 830 etiam
698 772 729 830 in
754 769 836 831 lehre
860 772 965 849 primis
989 770 1095 831 diehns

77 857 156 920 hene
186 858 258 919 lacit
286 858 410 936 serpulli
436 858 535 938 pondo
564 858 726 939 quadrans,
756 877 841 919 rosae
869 859 969 921 aridae
995 859 1094 938 pondo

77 946 240 1026 quadrans.
285 947 365 1007 llaec
388 949 592 1026 incoquuntur
611 947 728 1008 duohus
752 950 889 1008 sextariis
913 950 989 1009 aceti
1012 965 1094 1008 acer·

76 1036 161 1115 rimi,
186 1035 280 1095 donec
304 1035 340 1096 ad
364 1035 500 1096 dimidias
525 1036 736 1114 perducantur.
782 1036 854 1097 lnde
878 1039 1007 1098 sumitur
1030 1054 1094 1116 cya-

76 1123 148 1185 thus
178 1131 209 1184 et
237 1123 354 1185 duohus
382 1142 468 1184 rosae
496 1127 707 1186 commiscetur
735 1125 968 1204 frequenterque
996 1144 1031 1186 ex
1060 1137 1130 1186 eoo

79 1220 204 1274 curatur
223 1220 325 1291 caput:
349 1212 402 1273 uhi
424 1213 504 1273 enim
528 1213 676 1274 concaluit
694 1213 774 1292 quod
797 1213 930 1274 inlusum
953 1222 1012 1294 est,
1035 1216 1095 1275 nisi

77 1300 158 1363 aliud
183 1319 289 1362 recens
313 1301 466 1382 adiciatur,
490 1310 586 1362 nocet.

168 1389 203 1450 Π.
240 1389 316 1451 ltem
343 1390 465 1469 prodest
489 1389 593 1451 eodem
620 1390 708 1451 modo
733 1402 799 1452 ruta
822 1408 877 1468 per
900 1408 932 1450 se
956 1390 1002 1451 rel
1025 1409 1093 1451 oum

79 1478 208 1540 hederae
222 1477 304 1540 hacis
319 1478 449 1539 decocta.
481 1477 674 1558 Polygonium
690 1497 809 1559 quoque
826 1486 856 1539 et
875 1487 973 1539 menta
993 1479 1093 1539 multis

78 1568 193 1646 profuit
225 1567 328 1628 eadem
359 1569 475 1628 ratione
507 1567 630 1629 decocta
658 1576 688 1629 et
720 1569 817 1629 infusa
850 1569 940 1648 capiti
972 1567 1093 1629 dolenti.
1114 1580 1147 1629 10

78 1652 177 1735 <Item
204 1654 281 1717 levat
309 1658 414 1734 capitis
441 1654 596 1737 dolorem>
625 1656 821 1736 sphondylion
845 1665 875 1717 et
897 1658 966 1735 agni
991 1673 1094 1716 semen

79 1753 109 1804 et
134 1744 247 1823 platani
274 1744 382 1823 pilulae
411 1744 548 1805 similiter
576 1754 659 1806 aceto
688 1748 822 1806 incoctae
850 1762 996 1824 rosaeque
1024 1744 1093 1806 lolia

79 1833 200 1894 residuo
223 1842 307 1894 aceto
330 1835 496 1894 commixta.

168 1920 217 1981 lll.
256 1920 329 1982 Cum
357 1929 456 1982 autem
484 1920 622 2000 pluribus
645 1922 751 1983 diebus
779 1924 976 2001 permanserit
999 1922 1092 2001 dolor,

80 2017 143 2071 tum
159 2010 293 2070 omnium
308 2027 397 2088 supra
412 2010 560 2071 dictorum
575 2018 693 2088 oportet
707 2013 810 2071 uncias
828 2011 958 2089 singulas
973 2029 1092 2071 sumere
1113 2021 1145 2070 15

79 2101 176 2179 iisque
199 2097 365 2159 admiscere
392 2097 468 2159 lauri
490 2097 645 2180 bacarum,
673 2101 813 2179 castorei,
841 2117 953 2159 nucum
981 2117 1091 2159 amara·

79 2205 160 2268 rum,
188 2185 284 2268 pulei,
310 2189 460 2265 sampsuci
482 2186 635 2269 loliorum,
659 2187 842 2267 singulorum
866 2189 985 2247 unciam
1008 2195 1038 2246 et
1061 2189 1092 2246 in

79 2280 154 2337 aceti
183 2277 321 2337 sextariis
348 2274 446 2336 trihus
469 2275 637 2355 decoquere
665 2276 701 2336 ad
729 2275 866 2335 dimidias
890 2271 964 2354 <et>
988 2275 1092 2335 eodem

78 2364 166 2425 modo
189 2382 259 2425 rosa
286 2364 427 2445 admixta,
455 2382 514 2425 non
537 2371 637 2424 tamen
660 2365 842 2444 frequenter,
866 2371 954 2443 caput
977 2381 1092 2424 curare.

166 2452 230 2514 llll.
268 2452 313 2514 Ad
341 2471 459 2513 omnem
487 2455 592 2532 capitis
620 2452 751 2514 dolorem
780 2453 942 2514 efficaciter
969 2452 1092 2531 prodest
1111 2462 1146 2512 20

78 2543 324 2619 crocomagmatis
338 2542 436 2620 pondo
451 2548 579 2621 sextans,
598 2541 735 2602 aluminis
750 2544 813 2603 fissi
826 2542 872 2603 vel
886 2542 978 2622 gallae
992 2541 1091 2620 pondo

78 2633 173 2691 uncia.
207 2629 287 2691 Haec
306 2638 405 2691 terere
422 2648 459 2690 ex
478 2637 560 2690 aceto
576 2640 606 2690 et
625 2649 693 2691 rosa
707 2630 821 2692 vicihus
836 2631 950 2691 adiecta
964 2636 1091 2709 oportet,

152 2823 167 2871 1
187 2818 259 2874 febri
279 2819 323 2873 M.
379 2824 395 2872 2
415 2818 531 2887 serpulli
550 2818 589 2871 L:
609 2817 725 2888 serpylli
740 2817 775 2870 R.
822 2823 848 2871 -5
867 2817 975 2872 duobus
988 2816 1090 2872 Rhode

78 2888 107 2943 in
125 2890 235 2944 duobus
253 2890 282 2945 R
301 2890 408 2944 duobus
426 2905 506 2944 rosae
525 2889 634 2958 cyathis
649 2889 809 2943 Oorucrius.
883 2895 899 2943 6
917 2885 1036 2942 incoluit
1049 2888 1090 2941 M

79 2966 95 3013 9
112 2960 192 3015 bacis
211 2960 239 3013 L
256 2977 370 3029 semper:
389 2959 483 3015 baccis
500 2960 536 3015 R.
601 2960 758 3029 polygonos
773 2958 815 3012 M.
881 2963 913 3011 10
932 2957 1030 3011 eadem
1045 2958 1091 3011 M:

78 3047 111 3084 ea
128 3030 165 3086 R.
222 3036 256 3085 11
275 3032 346 3086 Item
363 3031 442 3086 levet
460 3031 560 3100 cepitis
584 3029 710 3086 dolorem
733 3029 832 3083 addicti
850 3027 889 3080 M
906 3032 1021 3094 secutus,
1044 3029 1093 3097 qus·

75 3104 201 3170 praebet:
226 3101 358 3157 Dolorem
377 3102 478 3172 cepitis
495 3101 583 3167 levsl3
606 3102 641 3168 cf.
660 3117 682 3156 c.
703 3105 736 3155 53
754 3100 823 3154 ilem
840 3099 919 3152 levat
937 3114 1025 3167 aeque
1045 3100 1091 3153 do·

79 3172 167 3228 iorem
185 3172 322 3228 dentium.
377 3173 530 3227 sfondilion
543 3173 569 3226 L
588 3170 756 3241 spondylion
772 3170 933 3226 ocrearius.
984 3169 1092 3238 hyegni

63 3242 112 3296 ·L.
191 3250 225 3299 16
248 3242 349 3314 hisque
373 3244 406 3299 L.
486 3250 518 3299 l'l
537 3243 614 3312 pulei
635 3242 674 3296 L:
697 3240 806 3312 pulegii
828 3240 864 3297 R.
936 3240 1033 3295 sabuci
1055 3240 1090 3295 L.

80 3314 190 3370 unciam
208 3316 321 3384 scripsit
345 3315 442 3370 uncias
460 3315 489 3370 R
507 3314 603 3369 uncias
626 3313 751 3382 singulas
771 3313 815 3366 M.
888 3310 918 3365 in
937 3311 1011 3366 aceti
1030 3327 1091 3367 sex·

78 3385 156 3440 tariis
174 3385 267 3440 tribus
285 3387 386 3456 scripsi
399 3387 438 3440 M
446 3391 565 3442 secutus:
586 3383 659 3439 aceti
678 3383 814 3439 sextarios
832 3384 890 3439 ires
904 3382 940 3440 R.
1010 3388 1043 3438 18
1062 3383 1092 3437 ei

77 3456 267 3513 oddidieM
