<?xml version="1.0" encoding="UTF-8"?>
<!DOCTYPE html PUBLIC "-//W3C//DTD XHTML 1.0 Transitional//EN"
    "http://www.w3.org/TR/xhtml1/DTD/xhtml1-transitional.dtd">
<html xmlns="http://www.w3.org/1999/xhtml" xml:lang="en" lang="en">
 <head>
  <title>
</title>
<meta http-equiv="Content-Type" content="text/html;charset=utf-8" />
  <meta name='ocr-system' content='tesseract 3.04.00' />
  <meta name='ocr-capabilities' content='ocr_page ocr_carea ocr_par ocr_line ocrx_word'/>
</head>
<body>
  <div class='ocr_page' id='page_1' title='image "./paulimanutiiepi00fickgoog_0040.png"; bbox 0 0 2430 3922; ppageno 0'>
   <div class='ocr_carea' id='block_1_1' title="bbox 342 165 1079 234">
    <p class='ocr_par' dir='ltr' id='par_1_1' title="bbox 342 165 1079 234">
     <span class='ocr_line' id='line_1_1' title="bbox 342 165 1079 234; baseline 0.007 -14"><span class='ocrx_word' id='word_1_1' title='bbox 342 165 417 222; x_wconf 86' lang='lat' dir='ltr'><strong>XVI.</strong></span> <span class='ocrx_word' id='word_1_2' title='bbox 445 166 491 220; x_wconf 80' lang='lat' dir='ltr'>Ad</span> <span class='ocrx_word' id='word_1_3' title='bbox 509 165 665 221; x_wconf 86' lang='lat' dir='ltr'>Antonium</span> <span class='ocrx_word' id='word_1_4' title='bbox 685 167 804 224; x_wconf 84' lang='lat' dir='ltr'>Aelium.</span> <span class='ocrx_word' id='word_1_5' title='bbox 1037 169 1079 234; x_wconf 85' lang='lat'>31</span> 
     </span>
    </p>
   </div>
   <div class='ocr_carea' id='block_1_2' title="bbox 530 363 616 429">
    <p class='ocr_par' dir='ltr' id='par_1_2' title="bbox 530 363 616 429">
     <span class='ocr_line' id='line_1_2' title="bbox 530 363 616 429; baseline -0.012 0"><span class='ocrx_word' id='word_1_6' title='bbox 530 363 616 429; x_wconf 89' lang='lat' dir='ltr'>XVI.</span> 
     </span>
    </p>
   </div>
   <div class='ocr_carea' id='block_1_3' title="bbox 57 502 1079 793">
    <p class='ocr_par' dir='ltr' id='par_1_3' title="bbox 57 502 1079 793">
     <span class='ocr_line' id='line_1_3' title="bbox 125 502 1014 591; baseline 0.003 -20"><span class='ocrx_word' id='word_1_7' title='bbox 125 505 185 571; x_wconf 83' lang='lat' dir='ltr'>Ad</span> <span class='ocrx_word' id='word_1_8' title='bbox 212 503 425 569; x_wconf 87' lang='lat' dir='ltr'>Antonium</span> <span class='ocrx_word' id='word_1_9' title='bbox 452 502 604 569; x_wconf 87' lang='lat' dir='ltr'>Aelium</span> <span class='ocrx_word' id='word_1_10' title='bbox 631 504 749 569; x_wconf 89' lang='lat' dir='ltr'>Polae</span> <span class='ocrx_word' id='word_1_11' title='bbox 776 505 1014 591; x_wconf 79' lang='lat' dir='ltr'>Episcopum</span> 
     </span>
     <span class='ocr_line' id='line_1_4' title="bbox 57 608 1079 694; baseline 0.003 -17"><span class='ocrx_word' id='word_1_12' title='bbox 57 613 92 677; x_wconf 92' lang='lat' dir='ltr'>in</span> <span class='ocrx_word' id='word_1_13' title='bbox 122 611 284 677; x_wconf 88' lang='lat' dir='ltr'>orationis</span> <span class='ocrx_word' id='word_1_14' title='bbox 314 608 477 675; x_wconf 79' lang='lat' dir='ltr'>Ciceronis</span> <span class='ocrx_word' id='word_1_15' title='bbox 506 633 567 694; x_wconf 91' lang='lat' dir='ltr'>pro</span> <span class='ocrx_word' id='word_1_16' title='bbox 597 611 633 676; x_wconf 91' lang='lat' dir='ltr'>P.</span> <span class='ocrx_word' id='word_1_17' title='bbox 662 609 773 675; x_wconf 82' lang='lat' dir='ltr'>Sextio</span> <span class='ocrx_word' id='word_1_18' title='bbox 805 609 1079 680; x_wconf 79' lang='lat' dir='ltr'>Commentarium</span> 
     </span>
     <span class='ocr_line' id='line_1_5' title="bbox 480 724 670 793; baseline 0.016 -13"><span class='ocrx_word' id='word_1_19' title='bbox 480 724 581 792; x_wconf 88' lang='lat' dir='ltr'>(Praef.</span> <span class='ocrx_word' id='word_1_20' title='bbox 596 726 670 793; x_wconf 84' lang='lat' dir='ltr'><strong>XII).</strong></span> 
     </span>
    </p>
   </div>
   <div class='ocr_carea' id='block_1_4' title="bbox 19 857 1195 3246">
    <p class='ocr_par' dir='ltr' id='par_1_4' title="bbox 19 857 1195 3246">
     <span class='ocr_line' id='line_1_6' title="bbox 149 857 1119 944; baseline 0.002 -20"><span class='ocrx_word' id='word_1_21' title='bbox 149 858 232 924; x_wconf 82' lang='lat' dir='ltr'>Cum</span> <span class='ocrx_word' id='word_1_22' title='bbox 255 857 318 922; x_wconf 87' lang='lat' dir='ltr'>alia</span> <span class='ocrx_word' id='word_1_23' title='bbox 341 857 457 941; x_wconf 89' lang='lat' dir='ltr'>multa,</span> <span class='ocrx_word' id='word_1_24' title='bbox 480 879 562 942; x_wconf 90' lang='lat' dir='ltr'>quae</span> <span class='ocrx_word' id='word_1_25' title='bbox 586 858 744 944; x_wconf 85' lang='lat' dir='ltr'>uigebant</span> <span class='ocrx_word' id='word_1_26' title='bbox 767 858 857 943; x_wconf 89' lang='lat' dir='ltr'>olim,</span> <span class='ocrx_word' id='word_1_27' title='bbox 880 881 988 927; x_wconf 88' lang='lat' dir='ltr'>rerum</span> <span class='ocrx_word' id='word_1_28' title='bbox 1010 862 1076 926; x_wconf 92' lang='lat' dir='ltr'>lau·</span> <span class='ocrx_word' id='word_1_29' title='bbox 1104 895 1119 936; x_wconf 74' lang='lat'><strong>5</strong></span> 
     </span>
     <span class='ocr_line' id='line_1_7' title="bbox 60 945 1078 1033; baseline 0.001 -20"><span class='ocrx_word' id='word_1_30' title='bbox 60 949 239 1014; x_wconf 83' lang='lat' dir='ltr'>dandarum</span> <span class='ocrx_word' id='word_1_31' title='bbox 265 946 371 1012; x_wconf 88' lang='lat' dir='ltr'>studia</span> <span class='ocrx_word' id='word_1_32' title='bbox 394 945 531 1030; x_wconf 90' lang='lat' dir='ltr'>periisse</span> <span class='ocrx_word' id='word_1_33' title='bbox 553 951 650 1030; x_wconf 90' lang='lat' dir='ltr'>atque</span> <span class='ocrx_word' id='word_1_34' title='bbox 680 947 822 1012; x_wconf 88' lang='lat' dir='ltr'>extincta</span> <span class='ocrx_word' id='word_1_35' title='bbox 849 971 980 1033; x_wconf 83' lang='lat' dir='ltr'>prorsus</span> <span class='ocrx_word' id='word_1_36' title='bbox 1010 972 1078 1014; x_wconf 87' lang='lat' dir='ltr'>esse</span> 
     </span>
     <span class='ocr_line' id='line_1_8' title="bbox 60 1034 1079 1122; baseline 0.003 -22"><span class='ocrx_word' id='word_1_37' title='bbox 60 1037 235 1102; x_wconf 90' lang='lat' dir='ltr'>dolendum</span> <span class='ocrx_word' id='word_1_38' title='bbox 266 1040 329 1119; x_wconf 89' lang='lat' dir='ltr'>est,</span> <span class='ocrx_word' id='word_1_39' title='bbox 357 1034 446 1121; x_wconf 87' lang='lat' dir='ltr'>Aeli,</span> <span class='ocrx_word' id='word_1_40' title='bbox 476 1034 527 1100; x_wconf 92' lang='lat' dir='ltr'>uir</span> <span class='ocrx_word' id='word_1_41' title='bbox 557 1036 680 1119; x_wconf 90' lang='lat' dir='ltr'>optime</span> <span class='ocrx_word' id='word_1_42' title='bbox 711 1057 748 1100; x_wconf 88' lang='lat' dir='ltr'>ao</span> <span class='ocrx_word' id='word_1_43' title='bbox 778 1036 976 1122; x_wconf 81' lang='lat' dir='ltr'>doctissime,</span> <span class='ocrx_word' id='word_1_44' title='bbox 1008 1043 1079 1103; x_wconf 93' lang='lat' dir='ltr'>tum</span> 
     </span>
     <span class='ocr_line' id='line_1_9' title="bbox 58 1123 1079 1210; baseline 0.001 -20"><span class='ocrx_word' id='word_1_45' title='bbox 58 1126 154 1210; x_wconf 85' lang='lat' dir='ltr'>hanc,</span> <span class='ocrx_word' id='word_1_46' title='bbox 188 1124 224 1188; x_wconf 91' lang='lat' dir='ltr'>in</span> <span class='ocrx_word' id='word_1_47' title='bbox 254 1146 318 1208; x_wconf 89' lang='lat' dir='ltr'>qua</span> <span class='ocrx_word' id='word_1_48' title='bbox 348 1123 445 1188; x_wconf 91' lang='lat' dir='ltr'>sitam</span> <span class='ocrx_word' id='word_1_49' title='bbox 475 1146 587 1189; x_wconf 93' lang='lat' dir='ltr'>omnes</span> <span class='ocrx_word' id='word_1_50' title='bbox 617 1124 670 1188; x_wconf 91' lang='lat' dir='ltr'>uel</span> <span class='ocrx_word' id='word_1_51' title='bbox 699 1124 874 1192; x_wconf 80' lang='lat' dir='ltr'>maximam</span> <span class='ocrx_word' id='word_1_52' title='bbox 902 1126 1079 1192; x_wconf 77' lang='lat' dir='ltr'>utilitatem</span> 
     </span>
     <span class='ocr_line' id='line_1_10' title="bbox 59 1212 1195 1315; baseline 0.001 -36"><span class='ocrx_word' id='word_1_53' title='bbox 59 1213 266 1299; x_wconf 79' lang='lat' dir='ltr'>intelligunt,</span> <span class='ocrx_word' id='word_1_54' title='bbox 297 1212 457 1296; x_wconf 82' lang='lat' dir='ltr'>interpret</span> <span class='ocrx_word' id='word_1_55' title='bbox 443 1212 534 1276; x_wconf 88' lang='lat' dir='ltr'>tandi</span> <span class='ocrx_word' id='word_1_56' title='bbox 563 1217 614 1277; x_wconf 92' lang='lat' dir='ltr'>rat</span> <span class='ocrx_word' id='word_1_57' title='bbox 600 1212 723 1277; x_wconf 90' lang='lat' dir='ltr'>itonem</span> <span class='ocrx_word' id='word_1_58' title='bbox 753 1213 799 1278; x_wconf 87' lang='lat' dir='ltr'>ita</span> <span class='ocrx_word' id='word_1_59' title='bbox 829 1214 1008 1315; x_wconf 73' lang='lat' dir='ltr'>amisimuS,</span> <span class='ocrx_word' id='word_1_60' title='bbox 1040 1220 1078 1280; x_wconf 91' lang='lat' dir='ltr'>ut</span> <span class='ocrx_word' id='word_1_61' title='bbox 1187 1287 1195 1306; x_wconf 36' lang='grc' dir='ltr'><strong><em>ι</em></strong></span> 
     </span>
     <span class='ocr_line' id='line_1_11' title="bbox 59 1301 1120 1404; baseline 0 -36"><span class='ocrx_word' id='word_1_62' title='bbox 59 1326 97 1368; x_wconf 92' lang='lat' dir='ltr'>ex</span> <span class='ocrx_word' id='word_1_63' title='bbox 128 1324 257 1404; x_wconf 80' lang='lat' dir='ltr'>eorum,</span> <span class='ocrx_word' id='word_1_64' title='bbox 288 1301 409 1385; x_wconf 87' lang='lat' dir='ltr'>quibus</span> <span class='ocrx_word' id='word_1_65' title='bbox 437 1304 513 1366; x_wconf 93' lang='lat' dir='ltr'>nost</span> <span class='ocrx_word' id='word_1_66' title='bbox 514 1323 550 1364; x_wconf 90' lang='lat' dir='ltr'>ra</span> <span class='ocrx_word' id='word_1_67' title='bbox 579 1306 775 1385; x_wconf 91' lang='lat' dir='ltr'>patrumque</span> <span class='ocrx_word' id='word_1_68' title='bbox 804 1303 959 1368; x_wconf 88' lang='lat' dir='ltr'>memoria</span> <span class='ocrx_word' id='word_1_69' title='bbox 987 1326 1078 1368; x_wconf 91' lang='lat' dir='ltr'>suam</span> <span class='ocrx_word' id='word_1_70' title='bbox 1093 1336 1120 1376; x_wconf 81' lang='lat'>10</span> 
     </span>
     <span class='ocr_line' id='line_1_12' title="bbox 57 1389 1078 1494; baseline 0.001 -38"><span class='ocrx_word' id='word_1_71' title='bbox 57 1390 152 1456; x_wconf 92' lang='lat' dir='ltr'>hoc</span> <span class='ocrx_word' id='word_1_72' title='bbox 141 1413 179 1455; x_wconf 90' lang='grc' dir='ltr'>ιιι</span> <span class='ocrx_word' id='word_1_73' title='bbox 202 1411 321 1476; x_wconf 82' lang='lat' dir='ltr'>genere</span> <span class='ocrx_word' id='word_1_74' title='bbox 344 1389 481 1454; x_wconf 91' lang='lat' dir='ltr'>indust</span> <span class='ocrx_word' id='word_1_75' title='bbox 440 1394 537 1453; x_wconf 91' lang='lat' dir='ltr'>tnam</span> <span class='ocrx_word' id='word_1_76' title='bbox 560 1389 666 1454; x_wconf 89' lang='lat' dir='ltr'>locare</span> <span class='ocrx_word' id='word_1_77' title='bbox 690 1390 834 1457; x_wconf 90' lang='lat' dir='ltr'>studium</span> <span class='ocrx_word' id='word_1_78' title='bbox 856 1391 919 1457; x_wconf 80' lang='lat' dir='ltr'>fuit</span> <span class='ocrx_word' id='word_1_79' title='bbox 905 1397 1078 1494; x_wconf 84' lang='lat' dir='ltr'>t,magno</span> 
     </span>
     <span class='ocr_line' id='line_1_13' title="bbox 58 1443 1078 1565; baseline 0.001 -21"><span class='ocrx_word' id='word_1_80' title='bbox 58 1502 93 1544; x_wconf 86' lang='lat' dir='ltr'>ac</span> <span class='ocrx_word' id='word_1_81' title='bbox 116 1478 249 1544; x_wconf 87' lang='lat' dir='ltr'>infinito</span> <span class='ocrx_word' id='word_1_82' title='bbox 272 1500 376 1561; x_wconf 91' lang='lat' dir='ltr'>prope</span> <span class='ocrx_word' id='word_1_83' title='bbox 399 1499 533 1543; x_wconf 93' lang='lat' dir='ltr'>numero</span> <span class='ocrx_word' id='word_1_84' title='bbox 556 1500 623 1543; x_wconf 94' lang='lat' dir='ltr'>non</span> <span class='ocrx_word' id='word_1_85' title='bbox 650 1479 813 1544; x_wconf 82' lang='lat' dir='ltr'>tament</span> <span class='ocrx_word' id='word_1_86' title='bbox 786 1484 833 1544; x_wconf 88' lang='lat' dir='ltr'>rta</span> <span class='ocrx_word' id='word_1_87' title='bbox 855 1443 939 1545; x_wconf 82' lang='lat' dir='ltr'>mult</span> <span class='ocrx_word' id='word_1_88' title='bbox 925 1484 991 1565; x_wconf 90' lang='lat' dir='ltr'>tos,</span> <span class='ocrx_word' id='word_1_89' title='bbox 1022 1481 1078 1565; x_wconf 92' lang='lat' dir='ltr'>qui</span> 
     </span>
     <span class='ocr_line' id='line_1_14' title="bbox 59 1566 1078 1669; baseline 0.001 -36"><span class='ocrx_word' id='word_1_90' title='bbox 59 1566 249 1633; x_wconf 78' lang='lat' dir='ltr'>tolerabiles</span> <span class='ocrx_word' id='word_1_91' title='bbox 272 1566 457 1654; x_wconf 86' lang='lat' dir='ltr'>uideantur,</span> <span class='ocrx_word' id='word_1_92' title='bbox 487 1566 543 1651; x_wconf 90' lang='lat' dir='ltr'>qui</span> <span class='ocrx_word' id='word_1_93' title='bbox 571 1589 649 1632; x_wconf 90' lang='lat' dir='ltr'>uero</span> <span class='ocrx_word' id='word_1_94' title='bbox 678 1567 850 1668; x_wconf 81' lang='lat' dir='ltr'>excellant,</span> <span class='ocrx_word' id='word_1_95' title='bbox 880 1591 978 1669; x_wconf 91' lang='lat' dir='ltr'>quam</span> <span class='ocrx_word' id='word_1_96' title='bbox 1001 1592 1078 1652; x_wconf 88' lang='lat' dir='ltr'>pau·</span> 
     </span>
     <span class='ocr_line' id='line_1_15' title="bbox 58 1655 1077 1741; baseline -0.002 -18"><span class='ocrx_word' id='word_1_97' title='bbox 58 1656 207 1722; x_wconf 88' lang='lat' dir='ltr'>cissimos</span> <span class='ocrx_word' id='word_1_98' title='bbox 230 1660 287 1720; x_wconf 87' lang='lat' dir='ltr'>aut</span> <span class='ocrx_word' id='word_1_99' title='bbox 309 1656 447 1720; x_wconf 83' lang='lat' dir='ltr'>fortasse</span> <span class='ocrx_word' id='word_1_100' title='bbox 476 1655 639 1720; x_wconf 90' lang='lat' dir='ltr'>neminem</span> <span class='ocrx_word' id='word_1_101' title='bbox 661 1655 789 1720; x_wconf 87' lang='lat' dir='ltr'>liceat</span> <span class='ocrx_word' id='word_1_102' title='bbox 780 1657 933 1721; x_wconf 92' lang='lat' dir='ltr'>muenire</span> <span class='ocrx_word' id='word_1_103' title='bbox 980 1662 1077 1741; x_wconf 92' lang='lat' dir='ltr'>atque</span> 
     </span>
     <span class='ocr_line' id='line_1_16' title="bbox 57 1743 1118 1832; baseline 0 -22"><span class='ocrx_word' id='word_1_104' title='bbox 57 1745 155 1810; x_wconf 88' lang='lat' dir='ltr'>huius</span> <span class='ocrx_word' id='word_1_105' title='bbox 185 1743 315 1829; x_wconf 89' lang='lat' dir='ltr'>quidem</span> <span class='ocrx_word' id='word_1_106' title='bbox 343 1744 539 1809; x_wconf 88' lang='lat' dir='ltr'>incommodi</span> <span class='ocrx_word' id='word_1_107' title='bbox 567 1745 663 1828; x_wconf 89' lang='lat' dir='ltr'>culpa</span> <span class='ocrx_word' id='word_1_108' title='bbox 689 1744 774 1808; x_wconf 92' lang='lat' dir='ltr'>unde</span> <span class='ocrx_word' id='word_1_109' title='bbox 801 1745 995 1832; x_wconf 86' lang='lat' dir='ltr'>manauerit,</span> <span class='ocrx_word' id='word_1_110' title='bbox 1024 1768 1118 1816; x_wconf 77' lang='lat' dir='ltr'>ex-15</span> 
     </span>
     <span class='ocr_line' id='line_1_17' title="bbox 57 1831 1078 1919; baseline -0.002 -19"><span class='ocrx_word' id='word_1_111' title='bbox 57 1855 187 1919; x_wconf 85' lang='lat' dir='ltr'>ponam.</span> <span class='ocrx_word' id='word_1_112' title='bbox 240 1831 388 1898; x_wconf 88' lang='lat' dir='ltr'>Primum</span> <span class='ocrx_word' id='word_1_113' title='bbox 420 1832 541 1897; x_wconf 94' lang='lat' dir='ltr'>illud</span> <span class='ocrx_word' id='word_1_114' title='bbox 533 1856 568 1897; x_wconf 93' lang='lat' dir='ltr'>m</span> <span class='ocrx_word' id='word_1_115' title='bbox 600 1832 852 1898; x_wconf 89' lang='lat' dir='ltr'>controuersiam</span> <span class='ocrx_word' id='word_1_116' title='bbox 885 1856 951 1900; x_wconf 91' lang='lat' dir='ltr'>non</span> <span class='ocrx_word' id='word_1_117' title='bbox 983 1834 1078 1918; x_wconf 88' lang='lat' dir='ltr'>cadit,</span> 
     </span>
     <span class='ocr_line' id='line_1_18' title="bbox 58 1884 1078 2023; baseline 0.002 -37"><span class='ocrx_word' id='word_1_118' title='bbox 58 1946 121 2008; x_wconf 94' lang='lat' dir='ltr'>quo</span> <span class='ocrx_word' id='word_1_119' title='bbox 145 1922 290 2007; x_wconf 89' lang='lat' dir='ltr'>quidque</span> <span class='ocrx_word' id='word_1_120' title='bbox 314 1921 547 2023; x_wconf 85' lang='lat' dir='ltr'>praestantius,</span> <span class='ocrx_word' id='word_1_121' title='bbox 573 1944 611 1987; x_wconf 92' lang='lat' dir='ltr'>eo</span> <span class='ocrx_word' id='word_1_122' title='bbox 634 1922 830 1988; x_wconf 86' lang='lat' dir='ltr'>laboriosius</span> <span class='ocrx_word' id='word_1_123' title='bbox 853 1944 890 1987; x_wconf 90' lang='lat' dir='ltr'>ao</span> <span class='ocrx_word' id='word_1_124' title='bbox 914 1884 1078 1989; x_wconf 78' lang='lat' dir='ltr'>diffieflius&#39;</span> 
     </span>
     <span class='ocr_line' id='line_1_19' title="bbox 58 2009 1076 2095; baseline -0.002 -18"><span class='ocrx_word' id='word_1_125' title='bbox 58 2033 135 2077; x_wconf 87' lang='lat' dir='ltr'>esse.</span> <span class='ocrx_word' id='word_1_126' title='bbox 183 2009 307 2094; x_wconf 82' lang='lat' dir='ltr'>alioqui</span> <span class='ocrx_word' id='word_1_127' title='bbox 335 2010 457 2074; x_wconf 90' lang='lat' dir='ltr'>nihil</span> <span class='ocrx_word' id='word_1_128' title='bbox 448 2033 513 2075; x_wconf 87' lang='lat' dir='ltr'>ram</span> <span class='ocrx_word' id='word_1_129' title='bbox 544 2010 723 2075; x_wconf 86' lang='lat' dir='ltr'>excelleret</span> <span class='ocrx_word' id='word_1_130' title='bbox 770 2011 856 2095; x_wconf 94' lang='lat' dir='ltr'>quod</span> <span class='ocrx_word' id='word_1_131' title='bbox 885 2012 972 2076; x_wconf 92' lang='lat' dir='ltr'>enim</span> <span class='ocrx_word' id='word_1_132' title='bbox 1004 2034 1076 2077; x_wconf 87' lang='lat' dir='ltr'>oon-</span> 
     </span>
     <span class='ocr_line' id='line_1_20' title="bbox 57 2098 1075 2185; baseline -0.001 -21"><span class='ocrx_word' id='word_1_133' title='bbox 57 2102 271 2184; x_wconf 86' lang='lat' dir='ltr'>sequerentur</span> <span class='ocrx_word' id='word_1_134' title='bbox 300 2098 411 2185; x_wconf 85' lang='lat' dir='ltr'>multi,</span> <span class='ocrx_word' id='word_1_135' title='bbox 443 2099 478 2163; x_wconf 93' lang='lat' dir='ltr'>in</span> <span class='ocrx_word' id='word_1_136' title='bbox 510 2121 548 2163; x_wconf 88' lang='lat' dir='ltr'>eo</span> <span class='ocrx_word' id='word_1_137' title='bbox 581 2098 723 2184; x_wconf 82' lang='lat' dir='ltr'>dignitas</span> <span class='ocrx_word' id='word_1_138' title='bbox 754 2121 822 2164; x_wconf 92' lang='lat' dir='ltr'>non</span> <span class='ocrx_word' id='word_1_139' title='bbox 854 2104 938 2164; x_wconf 89' lang='lat' dir='ltr'>esset</span> <span class='ocrx_word' id='word_1_140' title='bbox 970 2104 1002 2164; x_wconf 93' lang='lat' dir='ltr'>et</span> <span class='ocrx_word' id='word_1_141' title='bbox 1035 2121 1075 2164; x_wconf 91' lang='lat' dir='ltr'>ex</span> 
     </span>
     <span class='ocr_line' id='line_1_21' title="bbox 57 2186 1117 2274; baseline -0.001 -21"><span class='ocrx_word' id='word_1_142' title='bbox 57 2188 151 2273; x_wconf 87' lang='lat' dir='ltr'>copia</span> <span class='ocrx_word' id='word_1_143' title='bbox 174 2186 302 2252; x_wconf 85' lang='lat' dir='ltr'>utilitas</span> <span class='ocrx_word' id='word_1_144' title='bbox 326 2187 506 2252; x_wconf 89' lang='lat' dir='ltr'>exsisteret.</span> <span class='ocrx_word' id='word_1_145' title='bbox 553 2187 638 2251; x_wconf 91' lang='lat' dir='ltr'>est</span> <span class='ocrx_word' id='word_1_146' title='bbox 630 2187 676 2273; x_wconf 82' lang='lat' dir='ltr'>rgi</span> <span class='ocrx_word' id='word_1_147' title='bbox 678 2191 732 2251; x_wconf 95' lang='lat' dir='ltr'>tur</span> <span class='ocrx_word' id='word_1_148' title='bbox 758 2187 792 2250; x_wconf 94' lang='lat' dir='ltr'>in</span> <span class='ocrx_word' id='word_1_149' title='bbox 820 2188 949 2274; x_wconf 83' lang='lat' dir='ltr'>magnis</span> <span class='ocrx_word' id='word_1_150' title='bbox 976 2187 1075 2252; x_wconf 89' lang='lat' dir='ltr'>rebus</span> <span class='ocrx_word' id='word_1_151' title='bbox 1089 2219 1117 2258; x_wconf 68' lang='grc' dir='ltr'><strong>ιο</strong></span> 
     </span>
     <span class='ocr_line' id='line_1_22' title="bbox 57 2275 1075 2362; baseline -0.001 -21"><span class='ocrx_word' id='word_1_152' title='bbox 57 2277 137 2343; x_wconf 87' lang='lat' dir='ltr'>item</span> <span class='ocrx_word' id='word_1_153' title='bbox 167 2297 301 2362; x_wconf 84' lang='lat' dir='ltr'>magna,</span> <span class='ocrx_word' id='word_1_154' title='bbox 335 2298 416 2360; x_wconf 88' lang='lat' dir='ltr'>quae</span> <span class='ocrx_word' id='word_1_155' title='bbox 445 2298 506 2340; x_wconf 94' lang='lat' dir='ltr'>nos</span> <span class='ocrx_word' id='word_1_156' title='bbox 536 2275 577 2339; x_wconf 90' lang='lat' dir='ltr'>ab</span> <span class='ocrx_word' id='word_1_157' title='bbox 609 2297 719 2339; x_wconf 88' lang='lat' dir='ltr'>earum</span> <span class='ocrx_word' id='word_1_158' title='bbox 749 2276 843 2359; x_wconf 91' lang='lat' dir='ltr'>quasi</span> <span class='ocrx_word' id='word_1_159' title='bbox 873 2276 1075 2359; x_wconf 88' lang='lat' dir='ltr'>possessione</span> 
     </span>
     <span class='ocr_line' id='line_1_23' title="bbox 19 2364 1076 2450; baseline -0.001 -19"><span class='ocrx_word' id='word_1_160' title='bbox 19 2376 32 2400; x_wconf 83' lang='lat'>&#39;·</span> <span class='ocrx_word' id='word_1_161' title='bbox 56 2370 158 2450; x_wconf 88' lang='lat' dir='ltr'>arcet,</span> <span class='ocrx_word' id='word_1_162' title='bbox 187 2364 366 2430; x_wconf 90' lang='lat' dir='ltr'>constituta</span> <span class='ocrx_word' id='word_1_163' title='bbox 393 2364 575 2428; x_wconf 88' lang='lat' dir='ltr'>difficultas.</span> <span class='ocrx_word' id='word_1_164' title='bbox 620 2364 699 2428; x_wconf 89' lang='lat' dir='ltr'>haee</span> <span class='ocrx_word' id='word_1_165' title='bbox 727 2386 824 2447; x_wconf 88' lang='lat' dir='ltr'>porro</span> <span class='ocrx_word' id='word_1_166' title='bbox 849 2364 987 2447; x_wconf 83' lang='lat' dir='ltr'>simplex</span> <span class='ocrx_word' id='word_1_167' title='bbox 1009 2387 1076 2430; x_wconf 94' lang='lat' dir='ltr'>non</span> 
     </span>
     <span class='ocr_line' id='line_1_24' title="bbox 57 2452 1076 2540; baseline -0.001 -21"><span class='ocrx_word' id='word_1_168' title='bbox 57 2458 119 2539; x_wconf 86' lang='lat' dir='ltr'>est,</span> <span class='ocrx_word' id='word_1_169' title='bbox 157 2454 215 2519; x_wconf 91' lang='lat' dir='ltr'>sed</span> <span class='ocrx_word' id='word_1_170' title='bbox 251 2453 286 2516; x_wconf 92' lang='lat' dir='ltr'>in</span> <span class='ocrx_word' id='word_1_171' title='bbox 318 2453 382 2517; x_wconf 90' lang='lat' dir='ltr'>duo</span> <span class='ocrx_word' id='word_1_172' title='bbox 418 2474 537 2540; x_wconf 83' lang='lat' dir='ltr'>genera</span> <span class='ocrx_word' id='word_1_173' title='bbox 574 2452 737 2517; x_wconf 89' lang='lat' dir='ltr'>diuiditur.</span> <span class='ocrx_word' id='word_1_174' title='bbox 792 2453 950 2537; x_wconf 88' lang='lat' dir='ltr'>quaedam</span> <span class='ocrx_word' id='word_1_175' title='bbox 981 2453 1076 2537; x_wconf 90' lang='lat' dir='ltr'>enim,</span> 
     </span>
     <span class='ocr_line' id='line_1_25' title="bbox 56 2541 1074 2626; baseline -0.002 -19"><span class='ocrx_word' id='word_1_176' title='bbox 56 2542 153 2607; x_wconf 90' lang='lat' dir='ltr'>sicuti</span> <span class='ocrx_word' id='word_1_177' title='bbox 182 2541 424 2626; x_wconf 85' lang='lat' dir='ltr'>existimantur,</span> <span class='ocrx_word' id='word_1_178' title='bbox 454 2541 500 2606; x_wconf 91' lang='lat' dir='ltr'>ita</span> <span class='ocrx_word' id='word_1_179' title='bbox 527 2541 672 2606; x_wconf 86' lang='lat' dir='ltr'>difficilia</span> <span class='ocrx_word' id='word_1_180' title='bbox 700 2545 788 2625; x_wconf 81' lang='lat' dir='ltr'>sunt3</span> <span class='ocrx_word' id='word_1_181' title='bbox 817 2542 973 2625; x_wconf 91' lang='lat' dir='ltr'>quaedam</span> <span class='ocrx_word' id='word_1_182' title='bbox 1000 2563 1074 2606; x_wconf 90' lang='lat' dir='ltr'>cum</span> 
     </span>
     <span class='ocr_line' id='line_1_26' title="bbox 55 2629 1114 2716; baseline 0.003 -20"><span class='ocrx_word' id='word_1_183' title='bbox 55 2653 122 2696; x_wconf 90' lang='lat' dir='ltr'>non</span> <span class='ocrx_word' id='word_1_184' title='bbox 145 2629 387 2716; x_wconf 83' lang='lat' dir='ltr'>existimentur,</span> <span class='ocrx_word' id='word_1_185' title='bbox 414 2634 523 2695; x_wconf 90' lang='lat' dir='ltr'>tamen</span> <span class='ocrx_word' id='word_1_186' title='bbox 551 2635 635 2695; x_wconf 92' lang='lat' dir='ltr'>sunt.</span> <span class='ocrx_word' id='word_1_187' title='bbox 679 2629 740 2693; x_wconf 92' lang='lat' dir='ltr'>ubi</span> <span class='ocrx_word' id='word_1_188' title='bbox 767 2629 941 2695; x_wconf 87' lang='lat' dir='ltr'>difficultas</span> <span class='ocrx_word' id='word_1_189' title='bbox 968 2635 1001 2694; x_wconf 91' lang='lat' dir='ltr'>et</span> <span class='ocrx_word' id='word_1_190' title='bbox 1024 2636 1074 2695; x_wconf 92' lang='lat' dir='ltr'>est</span> <span class='ocrx_word' id='word_1_191' title='bbox 1088 2657 1114 2699; x_wconf 75' lang='grc' dir='ltr'>ιι</span> 
     </span>
     <span class='ocr_line' id='line_1_27' title="bbox 56 2718 1074 2804; baseline -0.002 -20"><span class='ocrx_word' id='word_1_192' title='bbox 56 2725 89 2784; x_wconf 90' lang='lat' dir='ltr'>et</span> <span class='ocrx_word' id='word_1_193' title='bbox 111 2722 266 2804; x_wconf 87' lang='lat' dir='ltr'>apparet,</span> <span class='ocrx_word' id='word_1_194' title='bbox 293 2719 367 2783; x_wconf 93' lang='lat' dir='ltr'>inde</span> <span class='ocrx_word' id='word_1_195' title='bbox 392 2718 567 2783; x_wconf 92' lang='lat' dir='ltr'>multitudo</span> <span class='ocrx_word' id='word_1_196' title='bbox 590 2719 793 2783; x_wconf 89' lang='lat' dir='ltr'>uoluntatem</span> <span class='ocrx_word' id='word_1_197' title='bbox 816 2723 849 2783; x_wconf 93' lang='lat' dir='ltr'>et</span> <span class='ocrx_word' id='word_1_198' title='bbox 872 2719 1015 2782; x_wconf 90' lang='lat' dir='ltr'>studium</span> <span class='ocrx_word' id='word_1_199' title='bbox 1037 2719 1074 2782; x_wconf 91' lang='lat' dir='ltr'>li·</span> 
     </span>
     <span class='ocr_line' id='line_1_28' title="bbox 56 2806 1073 2892; baseline 0 -20"><span class='ocrx_word' id='word_1_200' title='bbox 56 2809 172 2873; x_wconf 88' lang='lat' dir='ltr'>benter</span> <span class='ocrx_word' id='word_1_201' title='bbox 187 2806 328 2871; x_wconf 89' lang='lat' dir='ltr'>abducit.</span> <span class='ocrx_word' id='word_1_202' title='bbox 352 2829 420 2872; x_wconf 92' lang='lat' dir='ltr'>rem</span> <span class='ocrx_word' id='word_1_203' title='bbox 435 2806 565 2891; x_wconf 92' lang='lat' dir='ltr'>quidem</span> <span class='ocrx_word' id='word_1_204' title='bbox 579 2807 693 2891; x_wconf 88' lang='lat' dir='ltr'>ipsam,</span> <span class='ocrx_word' id='word_1_205' title='bbox 711 2807 824 2890; x_wconf 87' lang='lat' dir='ltr'>quanti</span> <span class='ocrx_word' id='word_1_206' title='bbox 844 2812 902 2892; x_wconf 88' lang='lat' dir='ltr'>est,</span> <span class='ocrx_word' id='word_1_207' title='bbox 921 2807 1073 2890; x_wconf 91' lang='lat' dir='ltr'>opinione</span> 
     </span>
     <span class='ocr_line' id='line_1_29' title="bbox 57 2895 1072 2982; baseline 0 -22"><span class='ocrx_word' id='word_1_208' title='bbox 57 2896 267 2963; x_wconf 87' lang='lat' dir='ltr'>aestimamus</span> <span class='ocrx_word' id='word_1_209' title='bbox 299 2899 332 2960; x_wconf 92' lang='lat' dir='ltr'>et</span> <span class='ocrx_word' id='word_1_210' title='bbox 362 2896 572 2960; x_wconf 89' lang='lat' dir='ltr'>uehementer</span> <span class='ocrx_word' id='word_1_211' title='bbox 603 2895 794 2979; x_wconf 85' lang='lat' dir='ltr'>expetimus.</span> <span class='ocrx_word' id='word_1_212' title='bbox 840 2895 966 2982; x_wconf 87' lang='lat' dir='ltr'>magnis</span> <span class='ocrx_word' id='word_1_213' title='bbox 995 2917 1072 2960; x_wconf 90' lang='lat' dir='ltr'>uero</span> 
     </span>
     <span class='ocr_line' id='line_1_30' title="bbox 57 2983 1072 3070; baseline -0.005 -20"><span class='ocrx_word' id='word_1_214' title='bbox 57 2984 227 3050; x_wconf 91' lang='lat' dir='ltr'>laboribus</span> <span class='ocrx_word' id='word_1_215' title='bbox 256 2987 289 3047; x_wconf 93' lang='lat' dir='ltr'>et</span> <span class='ocrx_word' id='word_1_216' title='bbox 312 2983 435 3070; x_wconf 84' lang='lat' dir='ltr'>uigiliis</span> <span class='ocrx_word' id='word_1_217' title='bbox 457 2989 495 3048; x_wconf 90' lang='lat' dir='ltr'>ut</span> <span class='ocrx_word' id='word_1_218' title='bbox 519 2988 657 3069; x_wconf 86' lang='lat' dir='ltr'>ematur,</span> <span class='ocrx_word' id='word_1_219' title='bbox 685 3006 752 3048; x_wconf 94' lang='lat' dir='ltr'>non</span> <span class='ocrx_word' id='word_1_220' title='bbox 780 2983 873 3047; x_wconf 85' lang='lat' dir='ltr'>facile</span> <span class='ocrx_word' id='word_1_221' title='bbox 902 2983 1072 3066; x_wconf 87' lang='lat' dir='ltr'>quisquam</span> 
     </span>
     <span class='ocr_line' id='line_1_31' title="bbox 57 3070 1113 3158; baseline -0.002 -21"><span class='ocrx_word' id='word_1_222' title='bbox 57 3095 131 3139; x_wconf 85' lang='lat' dir='ltr'>ase</span> <span class='ocrx_word' id='word_1_223' title='bbox 154 3073 230 3158; x_wconf 90' lang='lat' dir='ltr'>ipso</span> <span class='ocrx_word' id='word_1_224' title='bbox 254 3072 418 3156; x_wconf 89' lang='lat' dir='ltr'>impetrat.</span> <span class='ocrx_word' id='word_1_225' title='bbox 455 3077 543 3137; x_wconf 88' lang='lat' dir='ltr'>amat</span> <span class='ocrx_word' id='word_1_226' title='bbox 561 3073 647 3137; x_wconf 92' lang='lat' dir='ltr'>enim</span> <span class='ocrx_word' id='word_1_227' title='bbox 664 3071 806 3137; x_wconf 91' lang='lat' dir='ltr'>hominis</span> <span class='ocrx_word' id='word_1_228' title='bbox 827 3076 943 3135; x_wconf 89' lang='lat' dir='ltr'>natura</span> <span class='ocrx_word' id='word_1_229' title='bbox 965 3070 1071 3135; x_wconf 89' lang='lat' dir='ltr'>mode·</span> <span class='ocrx_word' id='word_1_230' title='bbox 1085 3101 1113 3142; x_wconf 77' lang='lat' dir='ltr'>so</span> 
     </span>
     <span class='ocr_line' id='line_1_32' title="bbox 58 3159 1072 3246; baseline -0.002 -20"><span class='ocrx_word' id='word_1_231' title='bbox 58 3167 159 3227; x_wconf 87' lang='lat' dir='ltr'>ratam</span> <span class='ocrx_word' id='word_1_232' title='bbox 184 3161 328 3246; x_wconf 90' lang='lat' dir='ltr'>quietem</span> <span class='ocrx_word' id='word_1_233' title='bbox 352 3182 453 3245; x_wconf 89' lang='lat' dir='ltr'>eaque</span> <span class='ocrx_word' id='word_1_234' title='bbox 476 3161 574 3225; x_wconf 86' lang='lat' dir='ltr'>alitur</span> <span class='ocrx_word' id='word_1_235' title='bbox 597 3165 629 3226; x_wconf 90' lang='lat' dir='ltr'>et</span> <span class='ocrx_word' id='word_1_236' title='bbox 653 3159 778 3244; x_wconf 72' lang='lat' dir='ltr'>crescit,</span> <span class='ocrx_word' id='word_1_237' title='bbox 805 3159 921 3224; x_wconf 86' lang='lat' dir='ltr'>nimias</span> <span class='ocrx_word' id='word_1_238' title='bbox 944 3163 1072 3225; x_wconf 90' lang='lat' dir='ltr'>conten-</span> 
     </span>
    </p>
   </div>
   <div class='ocr_carea' id='block_1_5' title="bbox 59 3247 1112 3600">
    <p class='ocr_par' dir='ltr' id='par_1_5' title="bbox 59 3247 1112 3600">
     <span class='ocr_line' id='line_1_33' title="bbox 59 3247 1072 3335; baseline -0.002 -21"><span class='ocrx_word' id='word_1_239' title='bbox 59 3251 175 3335; x_wconf 88' lang='lat' dir='ltr'>tiones,</span> <span class='ocrx_word' id='word_1_240' title='bbox 212 3249 333 3335; x_wconf 89' lang='lat' dir='ltr'>quibus</span> <span class='ocrx_word' id='word_1_241' title='bbox 365 3249 528 3335; x_wconf 84' lang='lat' dir='ltr'>frangitur</span> <span class='ocrx_word' id='word_1_242' title='bbox 559 3271 596 3314; x_wconf 88' lang='lat' dir='ltr'>ac</span> <span class='ocrx_word' id='word_1_243' title='bbox 627 3247 798 3333; x_wconf 91' lang='lat' dir='ltr'>minuitur,</span> <span class='ocrx_word' id='word_1_244' title='bbox 834 3253 969 3313; x_wconf 88' lang='lat' dir='ltr'>recusat.</span> <span class='ocrx_word' id='word_1_245' title='bbox 1014 3248 1072 3313; x_wconf 91' lang='lat' dir='ltr'>ubi</span> 
     </span>
     <span class='ocr_line' id='line_1_34' title="bbox 59 3335 1072 3421; baseline -0.003 -18"><span class='ocrx_word' id='word_1_246' title='bbox 59 3359 130 3405; x_wconf 92' lang='lat' dir='ltr'>uero</span> <span class='ocrx_word' id='word_1_247' title='bbox 160 3339 259 3405; x_wconf 89' lang='lat' dir='ltr'>facile</span> <span class='ocrx_word' id='word_1_248' title='bbox 289 3338 324 3403; x_wconf 92' lang='lat' dir='ltr'>in</span> <span class='ocrx_word' id='word_1_249' title='bbox 354 3337 494 3421; x_wconf 88' lang='lat' dir='ltr'>speciem</span> <span class='ocrx_word' id='word_1_250' title='bbox 524 3337 646 3421; x_wconf 87' lang='lat' dir='ltr'>aliquid</span> <span class='ocrx_word' id='word_1_251' title='bbox 676 3336 869 3421; x_wconf 85' lang='lat' dir='ltr'>ostenditur,</span> <span class='ocrx_word' id='word_1_252' title='bbox 899 3335 1072 3401; x_wconf 87' lang='lat' dir='ltr'>difficultas</span> 
     </span>
     <span class='ocr_line' id='line_1_35' title="bbox 60 3424 1071 3508; baseline -0.007 -14"><span class='ocrx_word' id='word_1_253' title='bbox 60 3426 179 3495; x_wconf 87' lang='lat' dir='ltr'>inclusa</span> <span class='ocrx_word' id='word_1_254' title='bbox 203 3428 294 3492; x_wconf 86' lang='lat' dir='ltr'>latet.</span> <span class='ocrx_word' id='word_1_255' title='bbox 341 3426 520 3492; x_wconf 90' lang='lat' dir='ltr'>cuiusmodi</span> <span class='ocrx_word' id='word_1_256' title='bbox 547 3448 613 3491; x_wconf 96' lang='lat' dir='ltr'>non</span> <span class='ocrx_word' id='word_1_257' title='bbox 641 3447 709 3490; x_wconf 90' lang='lat' dir='ltr'>esse</span> <span class='ocrx_word' id='word_1_258' title='bbox 735 3447 837 3508; x_wconf 89' lang='lat' dir='ltr'>pauca</span> <span class='ocrx_word' id='word_1_259' title='bbox 864 3424 969 3489; x_wconf 90' lang='lat' dir='ltr'>inanis</span> <span class='ocrx_word' id='word_1_260' title='bbox 992 3425 1071 3488; x_wconf 93' lang='lat' dir='ltr'>mul-</span> 
     </span>
     <span class='ocr_line' id='line_1_36' title="bbox 61 3513 1112 3600; baseline -0.001 -18"><span class='ocrx_word' id='word_1_261' title='bbox 61 3520 161 3584; x_wconf 80' lang='lat' dir='ltr'>lorum</span> <span class='ocrx_word' id='word_1_262' title='bbox 194 3515 307 3581; x_wconf 92' lang='lat' dir='ltr'>docuit</span> <span class='ocrx_word' id='word_1_263' title='bbox 339 3515 548 3600; x_wconf 88' lang='lat' dir='ltr'>experientia.</span> <span class='ocrx_word' id='word_1_264' title='bbox 594 3536 631 3579; x_wconf 90' lang='lat' dir='ltr'>eo</span> <span class='ocrx_word' id='word_1_265' title='bbox 664 3513 862 3597; x_wconf 88' lang='lat' dir='ltr'>frequentes,</span> <span class='ocrx_word' id='word_1_266' title='bbox 895 3513 980 3577; x_wconf 91' lang='lat' dir='ltr'>bona</span> <span class='ocrx_word' id='word_1_267' title='bbox 1012 3534 1071 3596; x_wconf 93' lang='lat' dir='ltr'>spe</span> <span class='ocrx_word' id='word_1_268' title='bbox 1085 3538 1112 3580; x_wconf 82' lang='lat' dir='ltr'>ss</span> 
     </span>
    </p>
   </div>
   <div class='ocr_carea' id='block_1_6' title="bbox 0 0 1221 3922">
    <p class='ocr_par' dir='ltr' id='par_1_6' title="bbox 0 0 1221 3922">
     <span class='ocr_line' id='line_1_37' title="bbox 0 0 1221 3922; baseline 0 0"><span class='ocrx_word' id='word_1_269' title='bbox 0 0 1221 3922; x_wconf 95' lang='lat' dir='ltr'> </span> 
     </span>
    </p>
   </div>
  </div>
 </body>
</html>
