2400 3922
109 135 154 201 48
417 133 476 191 XX
505 134 629 190 Antonio
648 131 817 203 Augustino.

584 365 652 431 XX.

255 509 426 576 Antonio
453 507 674 594 Augustino
701 506 858 572 Romam
881 516 933 586 (11,
948 516 985 580 8).

202 651 275 718 Nisi
299 651 372 735 quis
395 671 486 715 casus
505 647 586 713 meis
604 646 749 712 consiliis
772 651 931 734 occurrat,
954 647 1120 714 editionem

114 739 299 827 cogitabam
321 739 389 802 eius
412 735 499 820 libri,
522 757 618 821 quem
641 736 680 799 de
703 735 834 821 legibus
856 736 1017 802 Romanis
1041 737 1119 822 quin-

86 827 253 913 equennio
276 830 351 891 ante
374 847 393 888 a
415 847 467 890 me
490 824 710 909 conscriptum
734 824 851 889 debere
870 825 996 890 diutius
1019 825 1120 891 multis
1160 876 1163 885 .

113 914 337 1001 flagitantibus
359 935 426 978 non
448 935 590 996 possum.
636 913 677 976 ad
703 913 789 977 huno
818 912 943 978 librum
972 918 1121 998 quantum

113 1026 152 1068 ex
176 1002 318 1087 antiquis
339 1001 506 1085 lapidibus
529 1002 677 1068 accedere
700 1000 804 1085 possib
823 1003 1018 1089 ornamenti,
1041 1023 1121 1087 prae

113 1091 196 1155 clare
220 1090 377 1177 intelligo.
424 1114 521 1174 porro
545 1096 582 1156 tu
605 1091 633 1155 is
657 1113 701 1174 ee,
724 1090 780 1173 qui
802 1090 864 1154 hoc
887 1090 923 1154 in
947 1113 1011 1156 usu
1033 1096 1122 1175 atque

112 1180 231 1244 hocin
254 1201 371 1265 genere
395 1179 562 1266 scientiae,
591 1184 662 1244 tum
686 1178 761 1263 quia
783 1179 906 1243 Romae
930 1179 1033 1266 uiuis,
1058 1184 1123 1245 turn

73 1289 100 1326 10
114 1269 201 1354 quod
232 1269 266 1332 in
295 1268 412 1333 studiis
443 1272 533 1334 totus
564 1269 691 1353 heereS,
723 1288 825 1350 paene
858 1267 948 1331 solus
981 1268 1123 1333 excellas.

114 1379 309 1440 quamquam
336 1357 399 1422 hoc
428 1357 463 1422 in
492 1357 558 1423 tuis
589 1355 741 1421 laudibus
770 1354 941 1420 minimum
971 1361 1036 1422 est:
1066 1356 1124 1420 alia

114 1450 190 1510 sunt
221 1446 255 1510 in
287 1450 335 1528 te,
367 1468 448 1530 quae
481 1468 541 1533 ego
573 1467 640 1510 non
669 1443 780 1509 desino
810 1443 1011 1530 praedicare,
1044 1443 1125 1509 haud

114 1557 190 1600 sane
213 1534 324 1619 paullo
348 1535 593 1619 praestantiora.
639 1555 720 1619 quae
742 1554 810 1598 non
832 1535 883 1596 est
909 1531 964 1598 hic
992 1555 1124 1598 comme·

114 1624 260 1689 morandi
288 1623 379 1689 locus
406 1646 442 1690 ac
469 1646 510 1689 ne
538 1621 740 1709 significandi
769 1620 911 1706 quidem,
940 1642 982 1685 ne
1013 1627 1052 1688 tu
1076 1643 1124 1686 me

74 1713 250 1778 onimium
278 1735 347 1777 esse
376 1711 531 1778 blandum
559 1715 592 1776 et
619 1710 711 1794 quasi
739 1714 813 1774 tuae
842 1708 1046 1775 diffidentem
1071 1711 1123 1774 hu·

113 1800 261 1864 manitati
285 1800 324 1863 ad
347 1801 409 1863 hoc
432 1799 604 1865 artificium
626 1797 810 1883 confugisse
833 1797 1009 1862 existimes.
1051 1803 1124 1884 peto

113 1887 214 1972 igitur
242 1908 262 1950 a
287 1891 320 1950 te
350 1891 447 1968 atque
480 1887 579 1950 etiem
610 1908 704 1972 rogo,
737 1908 931 1970 quamquam
964 1887 1028 1952 hoc
1060 1909 1124 1953 uer-

113 1974 191 2039 bum
215 1973 356 2038 amicitia
377 1978 490 2040 nostra
515 1978 634 2058 tuaque
657 1974 797 2038 maxime
820 1974 951 2040 bonitas
974 1997 1124 2062 respuere

113 2062 254 2148 uidetur,
281 2062 308 2127 si
337 2061 415 2147 quid
440 2063 553 2150 habes,
584 2063 671 2148 quod
693 2063 733 2126 ad
759 2062 849 2148 leges
870 2062 1036 2128 Romanas
1058 2087 1124 2148 per·

72 2171 100 2210 20
113 2153 230 2240 tinent,
262 2174 279 2215 e
307 2151 402 2218 libris
434 2158 623 2238 excerptum
656 2155 689 2216 et
718 2156 865 2216 ueterum
893 2150 1043 2235 lapidum
1071 2156 1124 2217 aut

114 2242 212 2307 etiam
234 2265 440 2307 nummorum
464 2241 690 2308 obseruatione
713 2240 897 2325 collectum,
924 2240 958 2303 id
985 2240 1068 2305 mihi
1089 2244 1124 2305 ut

113 2330 289 2413 impertias.
327 2332 409 2396 bene
432 2331 607 2396 mereberis
630 2331 669 2394 de
691 2328 810 2393 litteris
832 2328 886 2392 uel
908 2328 1021 2412 potius
1045 2331 1123 2395 bene

113 2416 151 2478 de
182 2421 214 2480 te
244 2417 369 2482 meritis
396 2419 535 2504 gratiam
562 2418 693 2500 referes,
726 2416 987 2501 quandoquidem
1017 2440 1125 2483 earum

113 2525 175 2587 ope
206 2525 243 2567 ac
274 2505 390 2568 merito
423 2509 534 2569 tantus
563 2526 610 2588 es,
642 2503 725 2567 bene
758 2504 857 2571 etiam
889 2505 927 2571 de
959 2528 1012 2570 me
1045 2506 1124 2592 ipso,

72 2611 98 2650 ss
113 2592 204 2657 cuius
226 2592 313 2656 laudi
339 2614 399 2676 pro
426 2595 538 2656 nostra
564 2591 799 2657 necessitudine
828 2616 964 2678 meoque
993 2617 1072 2682 erge
1093 2599 1124 2660 te

112 2679 219 2744 studio
252 2679 410 2765 singulari
446 2679 545 2744 debes
581 2678 664 2744 uelle
702 2681 877 2746 consulere.
930 2705 1125 2768 quamquam

112 2769 174 2832 hoc
211 2779 271 2854 e'go
309 2771 395 2832 certe
431 2789 496 2831 non
533 2767 704 2834 admodum
742 2775 862 2854 specto.
913 2772 1125 2837 ambitionem

113 2855 198 2921 enim
239 2878 341 2937 paene
381 2855 487 2921 habeo
529 2856 562 2921 in
599 2859 766 2924 extremis:
807 2860 912 2943 prima
954 2860 1035 2924 mihi
1078 2864 1124 2924 est

105 2945 320 3029 omniumque
352 2967 459 3009 rerum
491 2946 717 3032 antiquissima
745 2948 877 3033 publica
906 2948 1125 3014 studiosorum

70 3053 98 3093 so
111 3033 279 3098 hominum
302 3033 439 3100 utilitas:
468 3058 531 3121 quo
555 3037 619 3102 mei
640 3037 770 3103 labores
793 3037 1018 3122 intenduntur,
1046 3059 1125 3121 mea,

112 3143 320 3207 quaecunque
353 3129 416 3208 est,
454 3125 605 3212 dirigitur
636 3125 802 3190 industria.
848 3129 976 3211 excute,
1012 3126 1041 3190 si
1073 3147 1123 3191 me

111 3229 209 3293 amas,
231 3216 329 3297 atque
349 3214 463 3278 euolue
486 3215 632 3279 funditus
651 3213 707 3276 ille
729 3217 786 3276 tua
804 3213 930 3299 scrinia,
953 3213 988 3277 in
1006 3214 1124 3298 quibus

111 3298 234 3362 conditi
257 3323 364 3365 rerum
387 3302 592 3386 antiquarum
615 3300 758 3365 thesauri
777 3306 991 3366 asseruantur.
1028 3325 1123 3368 nemo

111 3385 211 3472 enim,
240 3388 267 3452 si
295 3391 457 3472 possessio
480 3386 661 3455 litterarum
685 3387 817 3452 diuitiae
842 3395 930 3474 sunt,
959 3391 1047 3472 quod
1069 3392 1125 3456 ho·

68 3493 99 3535 aa
111 3474 215 3541 mines
248 3477 389 3563 eleganti
421 3478 540 3544 iudicio
573 3497 713 3560 sanaque
745 3475 883 3559 praediti
913 3483 1021 3542 mente
1055 3480 1124 3564 opi-
