2400 3922
518 128 818 230 —84-'

118 330 150 389 in
177 329 314 388 mammis
343 325 503 387 mulierum
534 326 644 388 futuris
678 332 729 387 aut
761 325 848 386 lactis
876 327 1016 408 prodest,
1046 329 1138 406 iungit

119 434 238 477 omnem
262 425 377 495 partem
401 415 524 476 divisam
547 422 577 475 et
599 413 699 475 fibulis
722 422 861 497 artatam,
884 418 1050 495 praecipue
1074 435 1139 477 cum

119 506 262 567 intestina
286 504 423 585 prolapsa
450 511 480 564 et
507 505 638 582 reposita
661 511 746 584 sunt,
770 510 860 582 atque
885 513 1000 564 sartum
1026 504 1139 585 vulnus,

122 594 202 675 quod
231 592 391 654 aGraecis
419 592 529 653 dicitur
555 591 785 672 γαστρορραφία.
830 590 962 672 Lateris,
986 594 1140 674 stomachi,

86 685 245 764 trentris,
268 684 416 762 iocinoris,
440 681 527 741 benis
548 681 680 741 dolorem
704 681 797 741 sedat.
837 679 968 742 Adiuvat
986 681 1140 762 coeliacos,

122 774 304 834 torminosos
323 771 420 834 ventri
438 777 500 831 toto
520 769 744 830 circumdatum.
781 767 858 830 Item
876 771 994 831 vesicae
1014 774 1141 832 tumenti

122 863 254 941 prodest.
305 861 416 921 Eodem
453 858 540 920 modo
577 857 746 918 lumborum
788 857 923 918 dolorem
960 859 1049 920 levat.
1098 859 1140 919 Ad

121 949 255 1010 luxatum
284 967 370 1008 omne
399 956 429 1007 et
459 949 588 1007 eiectum
619 955 650 1007 et
680 947 847 1024 repositum
880 947 1140 1009 articulamentnm

122 1035 198 1097 bene
227 1038 298 1096 lacit
324 1043 355 1095 et
381 1035 418 1095 ad
444 1035 607 1112 podagram
639 1042 758 1113 praeter
785 1033 912 1112 quodvis
940 1034 1021 1096 aliud
1051 1036 1140 1097 medi-

71 1138 103 1186 10
122 1131 290 1184 camentum
314 1124 386 1183 satis
410 1125 550 1183 convenit
574 1131 604 1183 ot
626 1123 696 1183 huic
720 1123 846 1183 mirifice
865 1123 999 1203 prodest.
1043 1123 1139 1185 Fistu-

120 1211 164 1272 las
183 1229 252 1272 rosa
265 1210 391 1271 dilutum
411 1220 504 1272 sanat.
541 1211 584 1271 Ad
601 1210 798 1273 carbunculos
818 1220 848 1272 et
867 1230 978 1272 cancer
996 1215 1140 1293 inponen-

121 1300 274 1362 domest:
301 1307 410 1379 purgat
437 1303 516 1360 enim
546 1318 601 1360 nec
628 1302 741 1378 patitur
766 1300 855 1361 latius
879 1319 1017 1382 serpere3
1042 1310 1139 1363 vetera

123 1389 221 1451 ulcera
249 1390 419 1448 cicatricem
448 1388 558 1450 ducere
588 1391 676 1467 cogit
721 1389 856 1450 Punctus
879 1407 1044 1451 nervorum
1068 1386 1137 1470 (et)

122 1476 336 1556 musculorum,
351 1479 403 1556 qui
420 1477 668 1555 periculosissimi
688 1484 766 1558 sunt,
787 1495 863 1557 quos
881 1473 1018 1559 νύγματα
1037 1479 1139 1539 Gracci

69 1576 102 1627 15
121 1566 238 1641 dicunt,
271 1567 334 1625 sine
367 1567 512 1626 incisione
550 1574 601 1626 ant
634 1565 779 1627 divisione
816 1574 900 1626 sanat
937 1570 1043 1646 cyprio
1078 1568 1139 1628 olco

122 1653 257 1717 dilutum.
304 1653 347 1713 dd
372 1672 532 1715 nervorum
556 1657 628 1716 vitia
649 1657 731 1714 omni
754 1673 847 1733 acopo
870 1655 980 1716 melius
1003 1656 1084 1717 facit.

212 1741 319 1804 GCVll.
364 1742 565 1822 Emplastrum
599 1746 716 1822 nigrum
751 1746 828 1822 eius,
861 1742 989 1804 barbara
1022 1744 1140 1823 dicitur,

122 1831 193 1893 facit
211 1831 247 1891 ad
266 1849 354 1891 omne
373 1850 480 1892 recens
498 1832 606 1892 vulnus
628 1841 658 1892 et
677 1839 850 1913 contusum3
873 1831 930 1893 hoc
948 1832 1087 1912 plerique
1110 1836 1140 1894 in

123 1919 335 2000 gladiatoribus
359 1927 499 1981 utuntur:
522 1920 600 1980 Picis
619 1919 754 1981 Bruttiae
777 1919 845 2000 pli
869 1920 906 2001 C,
930 1924 1049 1983 resinae
1073 1922 1138 1983 fric-

71 2020 105 2069 20
123 2016 171 2070 tae
202 2028 231 2088 p.
256 2007 280 2068 li
308 2008 343 2088 C,
375 2006 529 2069 bituminis
561 2006 673 2070 ludaici
708 2029 735 2088 p.
760 2008 785 2068 ll
814 2009 849 2088 C,
882 2027 969 2069 cerae
1003 2030 1032 2090 p.
1056 2010 1083 2070 li
1111 2009 1139 2071 (2.

123 2096 203 2158 Haec
228 2099 346 2158 concisa
369 2098 400 2156 in
424 2098 545 2156 minima
569 2097 665 2159 frusta
692 2105 864 2176 coquuntur
892 2116 961 2158 cum
990 2098 1048 2159 olei
1077 2118 1139 2160 sex·

123 2189 199 2247 tario
223 2204 297 2265 uno,
321 2186 416 2246 donec
440 2187 621 2267 spissantur3
653 2186 762 2265 quibus
790 2185 934 2265 depositis
957 2185 995 2247 ab
1018 2190 1088 2266 igne
1112 2195 1140 2248 et

123 2274 330 2335 desinentibus
350 2276 439 2335 nimis
459 2275 574 2334 fervere
593 2275 720 2336 adicitur
744 2292 865 2352 spumae
890 2283 1049 2354 argenteae
1074 2275 1140 2356 pil

123 2360 163 2442 X,
188 2382 327 2424 cerussae
351 2363 424 2444 pli
449 2362 487 2443 X,
510 2366 661 2442 aeruginis
684 2362 753 2442 pil
772 2362 803 2422 V.
845 2362 925 2424 llaec
949 2372 1049 2425 autem
1074 2383 1141 2426 cum

70 2460 104 2509 25
123 2453 201 2512 aceti
227 2451 347 2512 hemina
375 2460 473 2512 terere
501 2462 620 2529 oportet
647 2462 677 2512 et
705 2454 873 2512 minutatim
901 2470 1076 2534 aspergere,
1104 2471 1140 2514 ne

115 2541 299 2600 effervescat
323 2540 580 2600 medicamentum.
621 2538 678 2599 Ubi
696 2540 742 2600 lris
764 2540 888 2600 adiectis
907 2549 937 2600 et
960 2543 1140 2603 intermixtis

122 2628 287 2706 intepuerit
315 2628 577 2707 medicamentum,
611 2646 763 2706 opopanax
796 2628 860 2689 olco
891 2628 1003 2690 dilutus
1036 2633 1140 2709 exiguo

123 2715 256 2793 pondere
281 2715 306 2774 li
330 2716 422 2775 dnum
446 2714 604 2797 adicietur,
632 2715 739 2777 deinde
763 2717 973 2795 refrigeratum
997 2727 1029 2779 et
1051 2721 1140 2779 mani·

123 2802 183 2865 bus
209 2803 365 2864 subactum
396 2802 671 2885 [medicamentum]
702 2807 790 2868 etin
816 2813 917 2884 partes
941 2806 1071 2869 divisum
1094 2826 1139 2868 re·

70 2902 104 2951 30
123 2893 254 2970 ponitur.
301 2890 377 2952 Huic
406 2911 477 2972 crgo
511 2895 671 2974 emplastro
699 2913 768 2957 cum
801 2897 841 2955 ita
869 2897 1061 2973 conpositum
1089 2903 1141 2975 est,

124 2976 196 3040 dnm
216 2979 311 3040 adhuc
331 2980 448 3042 modice
468 2983 553 3065 calet,
572 2985 679 3046 adicito
699 2987 775 3046 turis
793 2981 912 3062 pollinis
931 2984 1033 3061 pondo
1052 2987 1141 3046 trien-

124 3075 186 3128 tern
217 3076 247 3128 et
276 3070 385 3128 mirum
417 3079 527 3148 quanto
556 3074 706 3134 efficacius
735 3080 793 3133 est:
830 3073 892 3132 sine
921 3070 1024 3134 dolore
1054 3081 1141 3152 atquc

124 3164 244 3216 tumore
267 3165 429 3242 conservat
446 3158 569 3219 vulnera
592 3168 623 3221 et
646 3161 774 3221 celerius
799 3167 890 3221 sanat.

197 3310 373 3364 tarctatam
391 3308 427 3363 R.
514 3314 547 3362 13
571 3311 600 3364 et
622 3311 686 3365 odd.
710 3311 799 3367 Rana.
888 3318 921 3366 16
944 3313 1023 3367 omni
1041 3313 1142 3369 laton:

128 3378 222 3435 omnia
238 3379 275 3435 R.
349 3385 381 3434 17
400 3379 532 3449 barbara]
553 3381 588 3446 cf.
605 3379 678 3436 Gaas.
698 3380 758 3436 Fet.
778 3398 800 3436 c.
820 3387 862 3438 ³1.
932 3389 966 3437 21
986 3383 1093 3439 frustra
1106 3383 1142 3439 R.

128 3457 163 3506 24
186 3450 262 3506 Haec
285 3450 389 3506 Rhoan:
417 3449 453 3503 Et
474 3449 545 3504 haec
567 3450 603 3506 R.
695 3456 729 3506 28
753 3453 876 3518 pondere
901 3456 1016 3523 sompni:
1045 3463 1087 3525 p0.
1106 3455 1142 3510 R.

128 3523 157 3576 et
174 3522 303 3577 manibus
317 3521 421 3579 Rana:
440 3521 568 3577 manibus
587 3522 661 3578 aaa.
725 3527 759 3575 29
776 3523 1013 3580 naedicamentnm
1031 3527 1141 3582 ioelum.
