2430 3922
148 155 213 218 130
453 151 537 208 LXII.
560 151 733 221 Hieronymo
751 151 857 207 Rubeo.

147 315 284 401 legendo
309 317 365 378 aut
393 313 579 400 cogitando,
606 317 712 378 toturn
740 313 834 399 illud,
862 313 1019 398 quidquid
1048 313 1110 379 erit
1133 320 1166 380 et

148 407 443 489 quantumcumque
462 402 533 488 erit,
556 401 682 486 prolixe
706 401 769 466 tibi
787 401 1039 486 perliberalique
1058 403 1165 468 animo

149 497 181 557 et
205 492 361 577 pollieeor
384 495 417 555 et
441 491 556 555 defero.
602 490 688 557 Nam
711 491 776 576 illa,
799 512 881 575 quae
904 491 1055 577 requiris,
1086 492 1168 558 eius·

147 581 235 646 modi
259 585 344 667 sunt,
366 583 403 643 ut
426 580 480 644 uel
502 579 655 644 historiae
679 578 798 644 ueteris
816 579 1002 643 testimonio
1023 579 1077 643 uel
1095 581 1167 665 ipsa

122 670 247 734 setiam
285 669 468 734 eonieetura
501 668 656 752 explicari
692 667 786 732 facile
821 667 956 752 possint.
1012 667 1047 733 Si
1081 670 1166 734 enim

150 758 331 844 Caesarem,
359 779 432 822 eum
455 757 584 840 utrique
608 755 730 822 Calliae
753 761 929 842 praeesset,
960 756 996 820 in
1018 756 1167 824 citeriore

150 851 369 914 conuentuum
392 845 591 932 agendorum
620 867 731 910 caussa
759 867 855 929 saepe
882 845 1072 912 hibernasse
1097 869 1168 913 oon·

150 937 305 1020 cedimus,
333 934 367 997 id
395 934 481 1018 quod
508 933 674 1019 ambigere
706 956 772 998 non
799 933 889 1000 lieet:
925 935 998 1018 quis
1031 935 1168 1022 dubitet,

150 1025 230 1109 quin
256 1024 443 1109 Rauennae,
472 1044 535 1107 quo
567 1022 694 1087 nullum
724 1022 759 1086 in
787 1045 824 1088 ea
857 1023 1043 1107 prouinciae
1076 1029 1168 1110 parte

111 1139 137 1178 ιο
150 1112 294 1178 nobilius
318 1111 452 1195 opidum
476 1111 615 1197 inuenio,
639 1114 834 1176 conuentum
862 1112 986 1198 egerit?
1032 1112 1083 1178 De
1106 1113 1168 1180 foa·

152 1202 226 1266 dere
253 1223 294 1264 ne
321 1201 384 1265 hoe
412 1200 542 1285 quidem
575 1200 683 1285 uidae,
711 1222 768 1265 our
794 1202 829 1265 in
853 1200 988 1266 dubium
1020 1206 1170 1268 uoeetnr:

151 1290 231 1355 urbs
259 1289 345 1354 enim
369 1288 551 1374 Cisalpinae
579 1288 701 1354 Galliae
728 1290 884 1354 Rauenna
911 1289 990 1355 fuit:
1022 1295 1057 1355 at
1086 1289 1171 1357 Galli

151 1378 316 1443 foederati.
365 1378 488 1443 Locum
521 1377 683 1443 Ciceronis
718 1377 754 1442 in
790 1379 935 1443 oratione
971 1401 1032 1463 pro
1063 1379 1169 1445 Balbo

152 1467 365 1553 suffragante,
392 1471 430 1531 ut
456 1467 558 1531 uerba
585 1471 642 1531 tua
671 1467 846 1552 declarant,
873 1471 982 1532 uetere
1009 1468 1097 1534 libro
1125 1469 1170 1533 ite

113 1581 138 1621 15
152 1555 308 1642 legerem:
336 1555 387 1620 ‘P.
412 1554 575 1641 Caesium,
602 1555 709 1620 uirum
737 1556 874 1641 bonum,
902 1556 958 1640 qui
985 1556 1084 1644 uiuit,
1111 1557 1169 1622 Ra

152 1649 326 1710 uennatem
352 1645 517 1709 foederato
548 1667 587 1710 ex
617 1644 762 1728 populo’.
807 1645 854 1710 Vt
885 1644 1028 1729 primum
1055 1645 1169 1731 patria,

153 1734 267 1798 deinde
290 1733 414 1818 patriae
442 1733 587 1798 condicio
616 1733 811 1797 ostendatur.
856 1755 932 1799 nam
960 1733 988 1799 si
1011 1734 1169 1821 legamus:

153 1821 228 1898 ‘Qui
257 1821 341 1886 uiuit
367 1822 541 1886 Rauennae
569 1822 733 1886 foederato
762 1844 801 1886 ex
834 1822 984 1908 populo',
1015 1822 1169 1889 foederati

153 1909 269 1993 populi
292 1931 419 1995 nomen,
443 1909 526 1974 idest
548 1909 583 1974 P.
609 1909 712 1974 Cassii
735 1911 855 1997 patria,
878 1911 1094 1997 ignorabitur.
1138 1912 1170 1977 in

113 2024 141 2064 eo
156 2019 221 2081 quo
248 2001 411 2082 repugnat
440 1997 602 2063 Ciceronis
634 1999 840 2065 consuetudo.
891 2000 1054 2065 neminem
1087 2001 1172 2066 enirn

155 2086 287 2150 ciuitate
305 2087 452 2151 Romana
471 2087 624 2152 donatum
643 2089 796 2174 appellat,
820 2089 899 2172 quin
917 2089 1058 2173 patriam
1077 2088 1171 2156 simul

153 2175 308 2241 nominet.
355 2174 412 2253 Qu.
440 2174 572 2241 Iubium
602 2199 658 2241 seu
687 2175 745 2254 Qu.
768 2176 898 2242 Iunium
928 2200 985 2243 eur
1012 2201 1081 2244 non
1108 2179 1172 2264 pla

155 2268 234 2351 eeat,
258 2267 368 2330 eadem
386 2265 512 2330 ratione
530 2265 677 2330 adduoor.
700 2288 776 2330 nam
799 2266 827 2331 si
849 2267 935 2332 hune
949 2268 1171 2334 Rauennatem

156 2376 225 2417 esse
254 2353 409 2419 dieamus:
441 2354 476 2419 P.
501 2353 612 2418 Caesio
644 2354 722 2438 quid
748 2355 827 2420 fiet?
873 2378 914 2419 an
946 2357 1034 2421 solus
1068 2357 1172 2442 patria

116 2441 303 2507 reserabit?
333 2442 420 2528 Dixi,
443 2442 522 2527 quid
545 2443 707 2528 sentirem,
730 2448 863 2530 rogatus
886 2468 905 2508 a
927 2449 968 2510 te.
1014 2468 1075 2511 nea
1094 2445 1172 2511 mihi

155 2534 265 2593 tamen
283 2552 432 2615 arrogare
451 2535 579 2595 tanturn
598 2531 710 2617 ausim,
728 2536 766 2597 ut
788 2555 896 2599 meum
913 2533 1069 2600 iudicium
1088 2540 1172 2600 ante

155 2638 276 2702 ponam
298 2622 363 2681 tuo.
409 2617 447 2682 ln
466 2641 573 2683 amore
592 2623 689 2704 atque
708 2621 806 2686 etiam
824 2622 858 2686 in
876 2622 917 2688 iis
940 2623 1070 2710 officiis,
1094 2645 1172 2709 quae

157 2705 259 2770 amori
289 2706 461 2792 debentur,
490 2730 541 2771 me
572 2708 631 2773 abs
665 2713 698 2773 te
733 2711 819 2775 uinei
848 2734 1026 2796 numquam
1058 2713 1172 2798 patiar,

155 2793 245 2859 Vale.
274 2795 410 2882 Romae,
433 2796 503 2881 Kal.
527 2796 622 2862 Febr.
645 2797 807 2865 MDLXX.

249 2995 280 3044 13
302 2987 466 3044 ‘Ciceronis’
490 3007 540 3059 pro
560 2991 659 3060 Balbo,
678 3009 739 3062 cap.
758 2993 845 3047 XXII.

560 3230 772 3237 ——-.
