2400 3922
487 205 680 270 -9-

163 364 251 426 Vllll.
289 365 347 426 Sed
367 368 393 427 si
410 385 465 446 per
479 384 513 428 os
531 369 624 446 magis
642 366 800 428 detrahere
819 369 971 428 materiam
991 370 1088 430 visum

72 455 177 534 luerit,
201 456 271 534 quia
294 473 355 515 non
378 457 443 516 sine
466 464 614 517 tormento
637 474 692 535 per
714 474 802 516 nares
826 474 860 516 ea
878 455 1088 538 deduceretur,

71 541 266 604 suadebimus
288 543 423 623 pyrethri
451 544 612 606 radiculam
636 545 882 605 commanducare
905 553 995 623 atque
1019 545 1087 606 sub-

71 631 142 692 inde
165 631 299 693 hiantem
325 635 388 712 pati
413 633 507 694 liuere
535 633 668 715 salivam,
695 633 741 694 vel
764 652 850 694 uvam
878 650 995 711 passam
1019 651 1088 694 eum

71 721 187 800 piperis
214 719 274 781 albi
301 723 402 800 granis
427 721 552 782 totidem
573 721 710 782 dabimus
733 722 1034 783 commanducandum
1057 731 1087 783 et
1106 733 1122 782 5

71 809 273 889 expuendam:
296 827 391 889 aeque
410 813 489 870 enim
508 819 539 871 et
560 811 634 871 haec
653 810 805 872 deducunt
823 812 970 890 pituitam.
1006 809 1086 870 Bene

72 897 143 958 lacit
166 905 198 958 et
221 900 319 976 sinapi
341 917 377 958 ex
400 907 484 959 aceto
503 901 606 960 tritum
626 908 656 959 et
678 917 738 959 non
762 908 961 960 excastratum
985 917 1086 978 garga·

72 987 199 1046 rizatum
227 989 319 1048 trium
343 987 516 1066 cyathorum
545 1005 683 1048 mensura
712 987 841 1048 admixto
865 987 961 1048 mellis
988 987 1086 1067 pondo

72 1074 252 1154 quadrante:
275 1074 405 1136 detrahit
427 1078 507 1136 enim
529 1076 650 1155 largiter
674 1079 819 1155 pituitam.

162 1162 198 1224 X.
230 1162 369 1244 Prodest,
388 1183 456 1225 cum
476 1165 527 1225 diu
544 1173 633 1243 caput
647 1164 741 1246 dolet,
759 1164 922 1226 adtendere
936 1164 973 1225 ad
987 1173 1087 1226 cutem
1107 1179 1140 1229 10

72 1259 102 1312 et
123 1251 232 1313 radere
257 1260 287 1313 et
309 1253 423 1314 diutius
446 1255 560 1314 siccum
583 1253 619 1313 ad
643 1253 855 1314 relaxationem
878 1256 956 1314 cutis
979 1252 1087 1314 fricare

74 1348 104 1401 et
126 1359 205 1420 aqua
228 1340 321 1401 calida
345 1341 444 1402 lovere
467 1359 542 1419 pura
565 1341 611 1402 vel
638 1341 756 1402 laurum
779 1344 925 1402 incoctam
949 1341 1086 1402 habente.

72 1427 138 1499 Quo
158 1437 293 1508 tempore
313 1431 401 1490 etiam
420 1438 689 1491 sternutamentum
709 1432 859 1490 concitare
878 1447 938 1490 non
958 1429 1087 1489 alienum

72 1520 130 1578 erit
154 1517 380 1598 medicamento,
404 1518 482 1597 qrrod
506 1537 542 1578 ex
565 1519 612 1579 his
636 1518 728 1579 rebus
752 1520 943 1596 conponitur:
970 1516 1087 1578 Veratri

73 1605 147 1688 albi,
179 1608 322 1689 castorei,
354 1607 489 1689 struthii,
521 1609 600 1686 quod
629 1615 675 1667 est
702 1607 785 1667 radix
819 1605 941 1684 lanaria,
973 1607 1086 1684 piperis
1106 1616 1139 1666 15

71 1693 144 1776 albi,
177 1694 363 1774 singulorum
395 1694 473 1774 pli
500 1695 522 1756 l.
572 1695 651 1756 llaec
680 1705 803 1756 contusa
832 1696 963 1754 tenuiter
990 1694 1086 1755 forato

71 1782 172 1844 cribro
201 1785 458 1864 transmittuntur3
487 1803 555 1845 cum
578 1803 654 1862 opus
682 1784 786 1865 luerit,
813 1801 868 1862 per
895 1784 1016 1862 pinnam
1040 1782 1087 1843 vel

72 1871 218 1933 calanmm
237 1874 428 1950 scriptorium
447 1872 569 1933 naribus
585 1872 776 1934 insulllentur
791 1872 837 1933 vel
856 1871 977 1950 specillo
992 1873 1086 1932 tincto

71 1962 101 2020 in
120 1977 197 2040 aqua
217 1969 249 2021 et
267 1979 392 2022 excusso
413 1969 488 2022 tacta
513 1961 634 2022 naribus
657 1946 827 2022 ffliciantur.
863 1960 993 2021 Proritat
1012 1969 1086 2020 ster-

71 2058 280 2110 nutamentum
312 2052 400 2110 etiam
432 2067 487 2128 per
518 2069 550 2110 se
583 2058 741 2111 contusum
774 2060 804 2111 et
836 2048 939 2109 eadem
971 2051 1086 2109 ratione
1106 2057 1139 2108 20

71 2138 215 2198 iniectum
248 2147 399 2199 veratrum
436 2137 544 2199 album.
596 2137 721 2217 Nigrum
758 2140 871 2198 siccum
903 2145 933 2197 et
970 2136 1086 2196 aridum

70 2228 320 2287 sternutationem
344 2228 442 2287 statim
465 2228 578 2287 invitat.

158 2313 209 2375 xi
242 2313 352 2393 Capitis
371 2314 503 2375 dolorem
519 2316 653 2394 quamvis
671 2323 802 2374 veterem
822 2321 852 2374 et
870 2310 1086 2373 intolerabilem

70 2404 209 2481 protinus
237 2402 314 2463 tollit
341 2411 371 2463 et
399 2405 429 2464 in
461 2413 639 2482 perpetuum
672 2401 816 2462 remediat
848 2401 973 2480 torpedo
1002 2402 1086 2480 nigra

70 2493 134 2551 riva
165 2493 295 2569 inposita
323 2510 359 2552 eo
387 2491 465 2571 loco,
494 2494 545 2570 qui
572 2494 603 2552 in
632 2491 734 2552 dolore
762 2499 821 2571 est,
848 2490 943 2551 donec
971 2490 1087 2551 desinat
1105 2499 1139 2549 25

70 2579 155 2639 dolor
174 2587 206 2640 et
224 2578 417 2659 obstupescat
435 2599 469 2640 ea
487 2599 566 2658 pars.
599 2580 684 2651 Quod
704 2598 771 2640 cum
795 2582 925 2660 primum
949 2581 1086 2660 senserit,

69 2675 260 2729 removeatur
287 2668 467 2750 remedium,
499 2686 536 2728 ne
565 2687 672 2729 sensus
704 2670 857 2730 auferatur
887 2671 952 2730 eius
983 2669 1084 2748 partis.

69 2754 176 2816 Plures
199 2763 298 2817 autem
322 2757 469 2835 parandae
492 2765 562 2817 sunt
582 2760 647 2818 eius
670 2761 789 2836 generis
812 2757 993 2836 torpedines,
1017 2756 1085 2834 quia

69 2861 297 2923 nonnumquam
314 2847 362 2904 vix
385 2845 421 2906 ad
445 2845 519 2906 duas
542 2855 639 2906 tresve
663 2845 825 2923 respondet
843 2846 967 2923 curatio,
990 2842 1086 2903 idest

69 2941 186 3014 torpor,
210 2932 289 3012 quod
313 2935 431 3012 signum
455 2942 501 2994 est
523 2935 753 2995 remediationis.
1103 2940 1138 2989 ao

68 3136 137 3206 gida
155 3138 318 3194 collocutum
334 3138 415 3192 babet
433 3138 474 3191 M.
548 3146 564 3193 3
583 3138 691 3209 pyretri
709 3137 742 3192 L.
806 3135 1031 3192 conmanducata
1050 3136 1084 3191 L.

70 3208 201 3278 lsenapi
214 3208 250 3264 L.
316 3207 495 3278 gargarizare
510 3209 554 3263 M.
620 3215 653 3263 lo
667 3207 800 3279 castorei]
815 3208 851 3273 cf.
864 3205 927 3261 Gal.
943 3205 1008 3275 XIl,
1023 3211 1084 3263 b83.

71 3283 102 3333 1⁷
120 3279 354 3334 transmittuntur
371 3279 413 3334 M.
477 3285 510 3334 18
528 3278 705 3334 insufflentur
723 3279 770 3332 M:
789 3278 936 3332 sufflentnr
953 3277 990 3332 R.
1051 3284 1084 3333 19

69 3349 365 3418 ennumquam.
414 3355 449 3403 23
460 3351 587 3418 quamvis
599 3351 647 3404 M:
661 3349 790 3418 quemvis
799 3348 835 3404 R.
882 3349 1086 3419 tlnigrarive

72 3420 108 3474 Μ
112 3441 120 3474 2
138 3421 207 3476 viva
224 3419 308 3490 nigra
325 3420 363 3475 R.
431 3426 466 3475 to
485 3421 512 3474 ei
529 3420 591 3476 loco
611 3420 654 3491 M,
722 3425 758 3474 26
777 3419 957 3489 obtorpescat
976 3421 1020 3487 M,
1038 3420 1086 3476 ud

70 3490 105 3556 cf.
124 3491 204 3546 Pica.
227 3497 287 3546 nat.
309 3491 372 3546 hest.
391 3497 435 3559 36,
458 3496 506 3546 ou:
534 3489 708 3560 obstupescit
735 3489 778 3544 ita
800 3507 901 3560 corpus
923 3507 975 3547 nee
998 3491 1087 3547 sentit

70 3561 220 3618 mucianus.
293 3566 328 3617 28
346 3561 510 3631 torpedines
528 3562 563 3618 L.
