2400 3922
117 126 161 190 64
383 125 468 180 XXX.
488 124 582 180 Marco
602 124 722 180 Antonio
740 124 861 180 Mureto.

115 287 155 350 ad
169 286 282 352 Sebosi
297 287 451 374 Arriique
470 289 643 353 aduentum
662 278 913 373 ingemiscentis.
939 285 1022 371 Hui,
1038 309 1119 352 unun

113 396 154 439 ne
168 373 337 461 Sebosum,
360 401 461 443 unum
483 378 588 442 habeo
602 375 756 441 Arrium?
783 374 938 439 uidelicet
957 381 1119 441 sexcentos

114 463 235 546 quibus
258 465 357 529 uelim
380 466 482 530 nolim
500 465 597 530 horae
617 465 739 527 dandae
760 468 835 528 sunt
854 486 976 528 omnes.
1012 487 1119 548 exque

114 557 273 636 quantum
295 553 469 638 molestiae,
493 557 647 637 quantum
665 551 814 617 hauriam
833 553 1034 638 acerbitatis
1057 553 1119 637 ipse

87 643 172 726 aqui
195 665 300 708 meam
323 641 584 706 consuetudinem
608 662 644 703 ac
662 662 752 705 meos
777 641 873 724 plane
898 662 1014 706 sensus
1038 646 1119 725 tenes

115 731 209 797 facile
232 736 326 816 potes
354 729 517 794 coniicere.
563 751 638 792 nam
662 751 730 793 rem
754 730 962 816 familiarem,
994 731 1055 795 etsi
1077 729 1119 793 rni-

114 820 202 884 nime
220 819 357 904 abundo,
380 818 482 881 iacere
505 822 615 882 tamen
637 839 739 901 aequo
759 818 868 882 animo
886 819 1011 904 patior3
1030 818 1119 883 studia

114 930 191 973 uero
220 929 292 971 mea
317 906 483 992 negligere
505 906 595 970 nullo
619 907 714 970 modo
738 929 880 990 possum.
928 907 978 972 De
1002 912 1060 972 tuo
1082 906 1119 970 ad·

113 999 215 1060 uentu
229 1017 319 1079 spem
337 993 526 1059 nonnullam
539 994 701 1060 inieceras.
735 1018 805 1059 eam
823 1018 938 1060 rursus
958 997 1119 1061 extenuant

73 1104 99 1144 ro
114 1087 297 1167 postremae
320 1088 394 1148 tuae
417 1083 554 1148 litterae.
593 1106 653 1169 ego
677 1083 758 1147 illud
777 1083 901 1148 scilieet
926 1085 1077 1170 primum,
1092 1087 1119 1147 ut

112 1172 234 1238 habeas
261 1173 419 1237 rationem
446 1172 655 1255 ualetudinis,
685 1172 823 1236 secundo
851 1171 939 1257 loco,
969 1173 1054 1258 quod
1074 1177 1119 1236 tuo

112 1261 279 1326 commodo
310 1261 379 1326 fieri
410 1261 526 1347 possit,
555 1266 593 1325 ut
624 1265 657 1324 te
686 1260 783 1325 nobis
806 1260 976 1348 restituas,
1005 1265 1119 1344 exopto⁴

113 1348 197 1426 Quid
215 1349 356 1414 Molinus
374 1351 506 1415 noster?
540 1350 617 1432 quid
636 1349 727 1434 agit?
764 1348 842 1432 quid
861 1354 973 1414 autem
993 1372 1053 1436 ego
1069 1350 1119 1413 hoc

112 1440 254 1521 quaero?
290 1438 443 1502 nimirum
472 1438 527 1502 ille
555 1442 642 1503 totos
666 1438 733 1501 dies
756 1442 879 1520 tecum,
903 1438 990 1503 idest
1013 1440 1047 1502 in
1067 1437 1118 1501 1111-

72 1531 182 1591 utute
206 1531 295 1591 totus
314 1531 363 1591 est
381 1550 441 1592 neo
459 1532 549 1592 tuam
573 1527 761 1610 complexus
781 1526 963 1591 doctrinam
987 1524 1117 1608 dimittit,

112 1615 231 1680 iudicio
254 1615 410 1680 adductus
434 1639 506 1702 suo,
533 1639 605 1680 meo
629 1615 762 1680 consilio
787 1616 1005 1680 confirmatus.
1041 1613 1117 1680 Vale.

201 1704 289 1768 Haec
321 1709 396 1769 ante
425 1705 531 1769 lucem
571 1705 694 1768 cubans
726 1704 759 1766 in
791 1704 910 1768 lectulo
945 1699 1117 1768 amanuensi

111 1815 184 1857 meo
213 1797 245 1856 et
273 1792 337 1856 iam
365 1816 510 1857 meorum
539 1793 718 1857 studiorum
743 1792 828 1856 socio
860 1791 997 1879 dictaui,
1026 1788 1116 1857 nobili

112 1881 308 1946 adulescenti
333 1881 463 1964 Cyprio,
486 1880 618 1945 Herculi
641 1880 873 1965 Podocatharo,
898 1882 955 1964 qui
981 1904 1050 1946 cras
1070 1879 1117 1944 Pa·

71 1990 98 2030 10
111 1969 237 2034 tauium
256 1969 378 2055 cogitat
401 1974 497 2054 teque
517 1991 588 2033 meo
606 1968 736 2033 nomine
761 1969 925 2033 salutabit.
963 1969 1021 2034 illa
1040 1989 1119 2052 supe

111 2056 198 2123 riora
221 2058 372 2122 familiari
399 2081 485 2144 meo,
513 2057 702 2123 Sebastiano
726 2057 840 2143 Leoni,
864 2057 1063 2123 dictaueram
1082 2057 1119 2120 in-

111 2146 296 2232 ambulans,
328 2148 414 2232 quod
441 2170 528 2212 eram
560 2147 670 2231 paullo
704 2145 831 2211 crudior
866 2168 926 2210 nec
959 2147 1027 2211 fere
1059 2165 1119 2210 mea

65 2234 68 2239 “
110 2256 209 2299 manu
231 2235 373 2301 libenter
401 2237 449 2302 uti
473 2238 568 2302 soleo.
615 2237 738 2321 [Mense
761 2233 910 2319 Augusto
934 2231 1119 2316 MDLVHI]

513 2469 725 2477 ———--———-.

570 2656 670 2720 XXX.

72 2823 98 2867 11
193 2798 320 2865 Marco
343 2795 514 2863 Antonio
537 2796 687 2863 Murato
710 2798 913 2864 Patauium
937 2808 1001 2885 (111,
1018 2810 1054 2877 0).

203 2941 252 3007 Tu
274 2939 356 3024 uide,
379 2938 431 3002 cui
454 2939 647 3005 committas.
689 2965 749 3028 ego
774 2942 859 3007 enirn
882 2940 976 3004 binas
1000 2945 1119 3006 tantun

114 3031 233 3116 accepi.
278 3027 441 3114 prioribus
473 3030 627 3112 respondi
658 3032 776 3095 nudius
809 3030 925 3095 tertius
957 3051 1119 3115 meamque

112 3120 176 3184 tibi
205 3121 244 3184 de
270 3115 465 3184 Bononiensi
492 3138 526 3179 re
558 3140 625 3182 non
651 3119 746 3183 modo
777 3118 982 3200 sententiam,
1014 3140 1119 3183 uerun

112 3207 212 3272 etiam
234 3207 434 3272 uoluntatem
457 3205 592 3269 ostendi.
638 3206 689 3269 his
713 3206 831 3289 alteris,
855 3228 936 3289 quae
959 3206 1042 3270 mihi
1061 3207 1118 3271 red

72 3317 99 3360 eo
113 3294 198 3359 ditae
223 3299 299 3359 sunt
317 3295 387 3360 heri
406 3292 546 3378 uesperi,
574 3292 601 3355 si
620 3314 688 3356 rem
707 3297 833 3377 specto,
851 3295 1026 3359 rescribere
1045 3295 1119 3359 nihi

206 3495 220 3543 1
242 3487 355 3544 ‘Sebosi
373 3487 512 3557 Aniique'
535 3484 591 3543 Cic.
610 3484 648 3539 ad
666 3483 751 3538 Attio.
765 3483 799 3552 II,
817 3490 858 3539 15.
