2430 3922
342 165 441 223 XVIII.
468 166 515 221 Ad
532 166 682 222 Alfonrum
701 167 840 224 Garalam.
1053 169 1098 234 43

76 351 179 413 nunc,
209 328 296 413 quod
323 349 412 392 eram
439 327 576 393 alterum
604 328 731 413 pollicit
733 352 784 414 us,
814 329 852 393 de
880 333 918 394 ut
904 329 1023 395 tilitate
1051 331 1097 396 ui-

76 418 222 482 deamus
268 415 388 482 Omnes
419 416 550 517 linguae
582 417 720 482 aliarum
750 382 942 482 admistione
973 418 1097 506 lingua-

78 529 166 591 rum,
199 505 228 570 si
259 505 426 570 moderata
392 505 514 589 tsit,
546 510 721 606 augentur,
753 505 780 569 si
812 505 925 590 nimia,
957 528 1096 572 eorrum-

78 558 206 678 puntur
226 597 325 695 atque
348 557 521 658 intereunt.
559 593 646 679 quod
669 594 755 658 enim
777 593 948 678 recipitur,
970 594 1004 658 id
1028 617 1097 660 esse

77 683 178 748 debet
205 682 277 747 eius
303 682 404 766 modi,
434 686 471 746 ut
498 681 686 766 recipientis
712 687 862 747 naturam
888 705 948 747 sua
969 683 1003 748 ui
1027 707 1097 748 sua·
1123 704 1137 746 ι

77 793 141 856 que
173 770 400 857 magnitudine
432 792 498 835 ιιοιι
530 775 712 854 exsuperet
764 770 874 855 itaque
907 794 1012 836 sermo
1044 772 1097 837 hic

81 863 194 925 noster
216 858 350 924 Italicus
372 859 455 923 mult
441 864 493 924 ιιι
515 856 631 923 Gallici
653 859 820 943 sermonis,
842 860 926 924 mult
911 863 962 924 ιιι
980 859 1097 944 Hispa

77 947 151 1032 nici,
169 946 327 1032 quasdam
344 946 556 1011 aliarumt
498 969 541 1010 na
541 946 669 1011 tionum
686 947 788 1011 habet
806 951 924 1100 partes
950 970 1096 1014 caussam

78 1035 104 1100 ιι
132 1034 332 1120 quaerimus:
361 1056 426 1099 non
454 1034 531 1119 alia,
562 1057 660 1119 quam
687 1057 797 1101 earum
824 1040 903 1122 gent
904 1036 973 1102 ium
1000 1036 1096 1101 inter-

77 1128 196 1190 uentus
220 1127 254 1188 et
276 1145 394 1188 consue
395 1123 473 1188 tude
496 1123 569 1188 fuit.
611 1123 745 1208 quod
720 1147 748 1188 ιι
771 1123 938 1189 Gallorum
961 1130 1016 1190 aut
1003 1125 1096 1190 tHi·
1111 1147 1138 1186 ιο

77 1232 255 1299 spanorum
278 1211 433 1277 immensa
456 1211 541 1277 mult
542 1211 632 1278 itudo
658 1211 816 1300 (exempli
839 1236 951 1278 caussa
974 1213 1098 1280 dictum

78 1325 95 1367 ι
117 1324 171 1367 me
195 1301 250 1387 sit,
272 1323 367 1365 omen
386 1300 516 1384 quidem
539 1301 634 1365 inane
653 1323 723 1366 esse
741 1299 842 1387 uolo),
865 1301 921 1366 sed
940 1301 968 1366 si
987 1324 1097 1366 earum

78 1391 248 1456 nationum
266 1388 370 1454 maior
387 1389 496 1473 aliqua
518 1389 569 1454 uis
592 1389 628 1454 in
649 1387 778 1454 Italiam
796 1390 952 1473 irruperit
971 1412 1007 1454 ac
1026 1412 1097 1474 per-

77 1478 247 1563 manserit,
269 1477 374 1542 maior
396 1476 494 1542 simul
516 1478 686 1543 inducetur
708 1476 823 1544 Gallici
846 1483 903 1542 aut
926 1478 1096 1562 Hispanici

77 1565 238 1632 sermonis
260 1587 338 1631 usus
362 1570 395 1630 et
417 1567 555 1632 fortasse
582 1565 800 1631 aduenticium
828 1566 909 1630 illud
931 1587 1034 1651 usque
1058 1588 1095 1631 eo
1110 1586 1137 1628 15

80 1655 219 1738 ualebit,
251 1659 289 1719 ut
320 1655 383 1719 hoc
415 1655 627 1720 domesticum
658 1654 769 1719 uincet
801 1654 932 1737 suisque
964 1654 1096 1719 sedibus

79 1743 231 1828 expellat.
274 1743 362 1826 quod
384 1743 463 1807 olim
485 1743 650 1807 Romanae
672 1743 803 1830 linguae
827 1741 974 1828 contigit,
998 1764 1097 1826 quam

80 1832 256 1898 multarum
284 1834 428 1896 aetatum
455 1830 575 1916 spatio,
607 1831 719 1895 multis
748 1831 961 1896 maximarum
988 1852 1097 1896 rerum

77 1919 273 1986 adiumentis
299 1923 427 1984 auctam
454 1924 551 2003 atque
579 1920 800 1984 confirmatam
823 1918 960 1984 diuersis
987 1925 1097 1986 tamen

78 2009 210 2093 populis
241 2006 370 2072 Italiam
407 2007 643 2093 occupantibus
679 2007 879 2072 diuersarum
910 2007 1096 2095 linguarum
1110 2029 1138 2070 ro

77 2097 220 2182 impetus
238 2096 411 2181 oppressit.
450 2095 531 2161 Gum
553 2096 656 2182 igitur
677 2096 790 2182 lingua
811 2095 958 2183 linguam
981 2097 1095 2180 empli-

78 2186 150 2251 ficet
177 2189 355 2269 nostraque
382 2185 462 2249 haec
488 2183 617 2268 Italica,
647 2206 713 2249 non
740 2184 852 2249 multis
882 2184 999 2249 abhinc
1030 2206 1096 2248 sae-

77 2274 157 2339 culis
184 2278 258 2339 orta
286 2294 345 2338 nec
373 2272 546 2338 admodum
577 2273 758 2337 liberaliter
788 2272 1007 2356 praemiorum
1039 2294 1096 2336 nu-

78 2361 242 2428 trimentis
279 2362 414 2427 educata
444 2384 511 2426 non
542 2361 589 2426 ita
624 2361 700 2425 dum
732 2360 923 2445 adoleuerit,
958 2365 996 2425 ut
1028 2360 1095 2426 suis

79 2455 232 2517 contenta
250 2450 377 2515 uiribus
396 2472 465 2515 esse
484 2450 597 2552 possit,
621 2453 730 2515 statuo
749 2449 848 2514 sictut
849 2471 911 2534 que
930 2447 1096 2533 concludo,
1110 2468 1136 2510 ιι

79 2539 298 2605 accessionem
321 2539 350 2604 ei
372 2538 443 2603 fieri
466 2539 621 2604 maiorem
643 2560 709 2603 ιιοιι
732 2559 837 2638 posse,
860 2537 1004 2622 quamsi
1023 2559 1097 2603 cum

78 2628 194 2694 Latina
232 2627 456 2728 coniungatur
505 2649 572 2692 non
608 2627 703 2728 modo
737 2626 812 2709 quia
843 2627 933 2691 nulla
952 2626 1097 2709 plenior

79 2723 133 2783 aut
164 2715 324 2801 ornatior,
356 2737 470 2781 uenum
499 2715 610 2801 etiam,
643 2714 719 2801 quia
750 2714 840 2780 nulla
869 2699 1014 2780 similior.
1056 2736 1096 2778 ex

78 2828 140 2890 que
175 2804 284 2889 sequit
285 2826 338 2889 ur,
375 2809 412 2869 ut
443 2804 485 2868 ad
516 2803 693 2869 coeundam
729 2823 802 2868 cum
839 2825 876 2867 ea
908 2803 1096 2869 societatem

78 2895 167 2961 nulla
197 2892 405 2959 commodior.
450 2893 512 2958 Est
497 2892 644 2980 tigitur
672 2891 855 2957 litterarum
878 2891 1097 2956 Romanarum
1110 2913 1137 2953 ae

77 3004 149 3048 cum
173 3005 235 3067 per
256 3003 292 3047 se
314 2981 488 3047 laudabilis
515 2980 747 3046 admodumt
715 2985 747 3045 et
774 2979 915 3044 iucunda
935 2978 1097 3061 tractatorio,

78 3075 147 3137 tuna
170 3092 264 3154 uero,
292 3071 320 3135 si
348 3070 479 3155 quidem
505 3069 624 3134 hune
614 3092 737 3154 rpsum,
764 3089 828 3151 quo
856 3087 942 3131 nunc
964 3066 1097 3150 utimur,

77 3165 213 3225 anctum
236 3121 492 3243 eiomatumque
515 3180 695 3223 sermenem
719 3156 876 3240 cupimus,
898 3176 1096 3256 magnopere

77 3246 267 3314 necessaria.
312 3246 422 3333 Atque
444 3248 562 3312 haect
548 3251 585 3311 tu
608 3266 736 3331 quoque
758 3244 864 3331 uides,
891 3241 1059 3310 Alfonse
1050 3266 1096 3310 ιιι-

77 3335 313 3439 geniesissime,
330 3339 487 3420 tuumque
501 3334 656 3400 iudicium
671 3357 744 3399 cum
757 3354 829 3399 mea
847 3333 1009 3399 sententia
1024 3356 1096 3399 con·
1110 3355 1138 3398 ιι

78 3423 194 3514 iungis
241 3424 367 3510 itaque,
395 3446 469 3490 eum
491 3446 510 3488 a
533 3423 639 3508 prima
666 3422 774 3507 puerit
775 3422 806 3487 ia
760 3422 870 3487 tad
892 3422 1096 3506 eloquentiae

78 3512 244 3582 Romanae
268 3512 481 3598 cupiditatem
508 3512 695 3577 incumbere
723 3511 898 3597 coepisses,
925 3515 1097 3594 posteat
