2430 3922
352 181 401 245 IV.
429 181 599 251 Hieronymo
620 182 783 253 Seripando.
1052 184 1073 248 5

56 345 158 429 lusuS,
178 347 428 427 personatorum
450 343 601 427 ineptiae.
640 343 718 426 quid
741 343 890 427 quaeris?
914 349 1073 429 sexcenta,

55 454 137 516 quae
161 431 243 496 milri
266 436 300 496 et
322 431 550 496 beneuolentiae
576 435 688 497 nostra
716 432 904 516 suppeditat
927 438 959 497 et
982 434 1073 497 fami-

54 521 180 586 liaritas
197 519 370 606 permittit,
390 525 427 584 ut
446 519 592 584 scribam.
627 520 702 603 quia
720 524 828 584 tamen
847 520 970 585 leuiora
988 526 1073 604 sunt,

55 609 186 694 omitto,
215 631 256 673 ne
280 630 414 696 grauem
437 608 670 692 philosophum
698 609 866 672 offendam.
912 631 1009 693 porro
1034 610 1073 673 de

54 698 136 763 meis
172 699 272 762 rebus
308 696 387 781 quid
419 701 601 782 exspectes,
632 697 716 761 nihil
747 701 805 762 est.
861 698 1073 762 mutationem
1100 717 1113 757 5

54 787 180 851 nullam
212 786 358 850 fecerunt
395 807 414 849 a
446 785 588 850 discessu
620 790 686 850 tuo.
737 786 776 848 de
813 790 846 850 te
879 807 960 869 quae
992 785 1073 849 scire

54 875 168 959 uelim,
190 875 272 938 haec
295 878 384 958 sunt,
408 896 472 958 quo
496 874 591 938 modo
615 874 803 938 redeuntem
826 874 920 939 amici
943 874 991 937 illi
1015 874 1073 956 tui,

55 963 131 1027 libri
156 962 294 1046 scilicet,
324 962 521 1046 acceperint,
548 983 626 1026 num
654 983 691 1025 eo
714 962 786 1046 ipso
816 962 866 1025 die
895 962 935 1025 ad
962 984 1073 1027 eorum

55 1051 322 1116 consuetudinem
344 1055 377 1115 te
396 1050 531 1134 dederis,
554 1072 595 1114 an
613 1050 733 1135 potius,
756 1051 832 1115 dum
856 1052 916 1114 hae
940 1051 1073 1115 baccha-

54 1140 161 1204 tiones
184 1139 421 1224 deferuesoant,
447 1139 482 1202 in
510 1139 615 1203 hortis
638 1160 711 1203 cum
733 1139 891 1224 Epicuro,
919 1135 1016 1222 quam
1039 1140 1073 1203 in
1087 1157 1115 1198 ro

54 1228 227 1314 gymnasio
251 1249 324 1292 cum
346 1225 524 1292 Aristotele
552 1227 634 1291 uelis
657 1227 775 1292 uiuere.
822 1232 868 1312 et,
896 1249 969 1291 cum
993 1228 1073 1291 haec

54 1316 240 1400 scripseris,
267 1315 347 1380 adde
370 1316 522 1400 uerbum,
550 1316 578 1380 si
601 1337 652 1379 me
676 1336 777 1400 amas,
805 1316 844 1379 de
872 1316 1072 1401 pugiunculo

55 1405 112 1469 illo
136 1408 205 1489 tuo,
228 1425 293 1488 quo
313 1426 374 1490 ego
393 1409 426 1469 te
445 1404 638 1488 impeditum
662 1408 694 1468 et
713 1403 883 1490 alligatum
902 1425 977 1468 ense
1001 1426 1073 1468 cum

54 1492 123 1556 uidi
147 1492 325 1577 discedere,
347 1514 413 1557 non
435 1493 526 1557 tenui
549 1492 659 1557 risum.
701 1513 737 1556 ac
760 1492 850 1556 uolui
873 1514 1017 1578 pungere
1040 1497 1073 1557 te

55 1581 158 1664 dieto,
195 1581 252 1645 sed
288 1581 412 1645 ueritus
449 1603 533 1663 sum,
569 1585 684 1666 netu
709 1580 839 1660 ,rustice
872 1603 922 1644 me
954 1581 1072 1667 gladio.
1087 1598 1113 1639 15

55 1669 231 1752 epistolam
258 1669 361 1734 habes
391 1668 560 1733 iocationis
589 1668 733 1752 plenam,
766 1689 829 1751 qua
858 1673 891 1732 te
922 1691 991 1732 esse
1023 1669 1072 1730 de-

54 1757 212 1822 lectatum
236 1779 433 1842 cognouero,
461 1758 487 1822 si
515 1756 642 1822 miseris
665 1758 735 1841 ipse
759 1755 946 1839 pleniorem.
991 1755 1072 1821 Vale

56 1844 321 1926 [nummu.

460 2006 669 2013 *-

539 2197 594 2262 IV.

127 2337 272 2404 Paulus
299 2337 500 2403 Manutius
528 2338 765 2423 Hieronymo
793 2337 1006 2422 Seripando
1088 2363 1115 2404 ao

480 2444 653 2510 salutem.

144 2583 268 2668 Accepi
290 2585 416 2650 litteras
436 2608 547 2651 omnes
566 2591 647 2669 tuas,
671 2585 851 2670 quaemihi
870 2585 1073 2672 gratissimae

54 2675 198 2739 fuerunt.
235 2673 382 2738 intellexi
402 2675 496 2759 enim,
520 2696 616 2758 quam
640 2673 733 2738 facile
752 2679 942 2739 consecutus
962 2697 1073 2759 essem,

54 2768 92 2827 ut
123 2784 199 2826 eum
227 2761 383 2846 animum,
416 2784 512 2845 quem
539 2785 599 2848 ego
633 2784 692 2846 per
721 2762 847 2827 litteras
877 2763 1073 2847 detulissem,

54 2849 260 2935 perlibenter
287 2849 541 2934 amplectereris3
571 2873 635 2934 que
664 2850 794 2935 quidem
820 2873 854 2915 re
881 2852 965 2916 nihil
992 2851 1072 2914 mihi
1088 2863 1114 2904 25

53 2937 168 3022 potuit
187 2936 334 3021 optatius
352 2937 507 3003 accidere:
530 2960 595 3003 non
615 2939 702 3023 quod
724 2961 783 3025 ego
803 2938 897 3002 aliter
920 2961 1073 3022 umquam

53 3026 147 3091 dete
170 3025 346 3091 sensissem
373 3030 430 3090 aut
457 3026 543 3110 quod
571 3026 609 3089 de
636 3032 693 3092 tua
721 3027 756 3091 in
779 3027 940 3091 studiosos
963 3048 1074 3091 omnes

53 3114 226 3179 uoluntate
255 3107 468 3198 dubitassem,
497 3114 553 3179 sed
582 3116 667 3198 quod
696 3137 756 3200 ego
785 3114 908 3200 ingenii
931 3113 980 3178 tui
1003 3136 1074 3179 can-

54 3203 167 3268 dorem
199 3202 280 3266 satis
309 3203 439 3286 quidem
469 3202 562 3267 illum
592 3225 631 3267 ex
661 3203 798 3268 eliorum
828 3225 974 3267 sermone
1004 3226 1073 3286 per-

147 3400 183 3449 20
201 3393 245 3448 Ex
263 3373 407 3448 Renuardi
424 3393 583 3447 Annalibus
602 3392 714 3447 Aldinis
733 3410 797 3463 pag.
814 3399 875 3450 520.
894 3426 927 3435 —
947 3400 981 3448 25
1004 3395 1072 3448 ‘em-

60 3464 238 3533 plaetereris’
264 3461 308 3517 sio
321 3463 507 3528 scribendum
536 3465 597 3518 erat
622 3478 672 3532 pro
698 3465 904 3534 ‘amplecteris'3
928 3465 1073 3520 Manutius

60 3536 133 3590 enim
151 3533 274 3606 raptim,
293 3535 327 3588 ut
344 3533 405 3604 ipse
425 3535 586 3603 confitetur,
607 3533 768 3603 scripserat.
