2400 3922
530 172 746 238 ..66-

131 339 354 417 superpositum
377 335 640 414 medicamentum;
666 333 745 395 tollit
767 335 849 394 enim
875 332 979 394 triduo
1010 333 1150 394 dolorem:

130 427 268 489 Lomenti
300 426 434 506 hemina,
466 421 588 485 feniculi
621 424 743 483 seminis
776 421 874 501 cyathi
907 422 984 504 dno,
1017 421 1150 502 polentae

131 517 231 578 tenuis
255 514 354 594 cyathi
377 514 444 574 duo.
487 511 724 573 commiscentur
746 509 821 571 haec
844 512 876 570 in
898 528 996 571 unum
1020 518 1150 594 contusa,

131 605 245 687 molita,
277 605 360 682 trita,
393 601 500 662 deinde
533 606 774 679 consperguntur
806 617 882 678 aqua
915 598 1018 678 pluvia
1052 609 1083 661 et
1112 602 1150 661 ita

96 700 349 773 atemperantur,
381 708 419 751 ue
452 689 561 751 durum
589 690 628 750 sit
650 687 901 749 medicamentum
930 695 984 748 ant
1012 697 1150 768 aquatum

131 784 230 844 nimis.
276 781 441 859 lnpositum
473 779 611 858 protinus
642 777 732 858 levat,
765 777 865 838 triduo
898 775 978 837 tollit
1011 777 1148 838 dolorem

130 870 194 933 Hoc
218 876 348 946 constat,
371 870 397 928 si
421 869 488 946 quis
511 875 557 928 ter
580 868 612 927 in
635 883 738 927 mense
760 868 841 926 inter
865 865 959 926 denos
989 866 1056 927 dies
1079 884 1148 928 usus

130 960 235 1039 fuerit,
257 961 289 1018 in
311 963 399 1017 nocte
422 973 483 1015 uon
505 953 718 1016 laboraturum.

219 1043 302 1106 CLX.
347 1042 392 1104 Ad
416 1043 554 1121 frigidam
576 1042 752 1124 podagram,
781 1060 857 1122 quae
885 1044 951 1103 sine
978 1051 1098 1104 tumore
1120 1050 1148 1103 et

77 1146 110 1195 10
129 1133 240 1195 rubore
263 1133 410 1214 consistit,
432 1131 623 1211 cataplasma:
655 1132 772 1210 Piperis
800 1132 879 1209 nigri
901 1131 1000 1192 moliti
1023 1132 1148 1212 hemina,

128 1221 251 1284 feniculi
274 1221 396 1282 seminis
419 1222 539 1282 contusi
560 1220 690 1301 hemina,
712 1228 884 1300 coquuntur
907 1239 945 1281 ex
967 1239 1048 1299 aqua
1071 1228 1147 1281 utra-

130 1329 202 1392 que3
225 1309 279 1372 ubi
301 1317 465 1390 temperata
493 1317 578 1389 sunt,
605 1309 734 1370 adicitur
756 1309 883 1388 axungia
906 1308 995 1369 suilla
1027 1318 1057 1371 et
1080 1309 1146 1370 dum

129 1400 219 1482 calet,
251 1417 349 1480 panno
382 1401 478 1478 spisso
513 1396 670 1459 inductum
702 1396 952 1458 medicamentum
985 1399 1145 1476 inponitur.

218 1487 299 1550 Bene
321 1488 393 1549 facit
416 1487 452 1549 ad
475 1485 554 1547 idem
577 1504 672 1565 genus
695 1496 738 1548 et:
771 1484 839 1546 Lini
867 1487 992 1546 seminis
1018 1494 1049 1547 et
1071 1486 1145 1547 faeni

77 1588 109 1637 15
129 1579 229 1656 graeci
253 1577 384 1658 seminis,
403 1576 515 1637 farinae
532 1575 718 1655 hordeaciae,
737 1573 925 1653 singulorum
943 1573 1009 1634 bini
1028 1576 1146 1636 sextarii

129 1665 252 1728 cribrati
270 1668 302 1727 in
320 1683 414 1726 unum
432 1665 677 1744 commiscentur3
694 1663 764 1724 inde
783 1681 913 1743 coquere
933 1671 1055 1742 oportet
1070 1662 1145 1742 quod

129 1758 201 1816 satis
229 1756 288 1814 erit
315 1773 351 1814 ex
380 1771 455 1833 aqua
483 1759 514 1813 et
501 1751 621 1834 toleo,
649 1751 777 1813 subinde
808 1751 937 1813 calidum
970 1752 1145 1832 cataplasma

128 1845 216 1903 etiam
239 1843 392 1920 inponere.

215 1928 296 1989 Bene
324 1927 394 1988 iacit
422 1936 453 1989 et
440 1927 584 1989 thibisci
610 1928 694 1990 radix
722 1946 758 1989 ex
785 1946 861 2007 aqua
884 1927 981 1989 mulsa
1009 1936 1096 1992 cocta
1117 1935 1145 1989 et

74 2033 109 2082 20
128 2018 265 2100 inposita,
287 2019 360 2077 item
383 2016 527 2079 sabucum
551 2036 619 2078 cum
643 2018 769 2096 axungia
796 2024 898 2077 vetere
921 2020 1029 2079 tritum
1053 2026 1083 2079 et
1104 2020 1144 2078 in·

127 2109 267 2189 positum,
286 2107 419 2168 adiectus
438 2114 468 2167 et
486 2106 636 2167 brassicae
650 2108 726 2167 cinis
744 2124 813 2167 cum
832 2108 961 2184 axungia
979 2106 1027 2167 vel
1046 2123 1144 2168 semen

127 2197 264 2259 caulium.
309 2194 367 2257 Ubi
390 2203 489 2257 autem
511 2197 641 2275 impetus
664 2197 838 2274 cessaverit,
867 2201 897 2255 et
924 2197 957 2255 in
980 2195 1040 2256 hoo
1064 2197 1144 2257 etin

126 2288 228 2366 priore
256 2303 365 2364 genere
397 2286 544 2365 podagrae
578 2284 660 2346 calda
692 2302 767 2363 aqua
800 2285 914 2343 marina
943 2284 996 2344 diu
1027 2283 1145 2345 fovendi

128 2383 213 2454 sunt,
240 2373 286 2435 vel
314 2376 341 2434 si
367 2374 441 2435 haec
468 2391 528 2432 non
557 2375 627 2453 erit,
656 2391 749 2451 aquae
776 2389 869 2452 purae
896 2371 1026 2434 ferventi
1056 2372 1143 2434 salem

73 2477 107 2526 25
127 2462 245 2521 adicito.
291 2461 363 2521 Post
391 2461 570 2539 epithemate
598 2462 643 2521 uti
667 2468 798 2541 oportet,
825 2460 906 2539 quod
934 2461 971 2521 ad
994 2461 1143 2540 parotidas

127 2549 273 2625 scriptum
298 2556 356 2608 est:
384 2547 460 2608 tollit
484 2549 563 2606 enim
586 2549 646 2606 cito
669 2549 812 2627 reliquias
835 2567 889 2629 per
911 2549 1038 2611 sudores
1063 2559 1094 2611 et
1113 2551 1144 2609 in

126 2634 260 2695 futurum
285 2635 441 2695 confirmat
463 2651 572 2693 nervos
595 2652 650 2694 nec
674 2639 787 2712 patitur
811 2638 895 2699 facile
920 2640 1028 2698 vitiari.

216 2721 313 2783 CLXI.
355 2721 423 2783 Scio
438 2721 585 2801 quendam
604 2721 660 2783 hoc
676 2726 762 2802 quasi
780 2744 873 2805 acopo
888 2725 1040 2788 medicum
1059 2744 1144 2789 usum

126 2815 159 2873 in
181 2819 300 2872 noctem
324 2829 379 2872 nec
403 2817 506 2890 postea
529 2818 708 2890 temptatum
730 2814 874 2895 podagra,
902 2833 972 2876 cum
1000 2824 1070 2877 ante
1094 2815 1143 2876 diu

73 2917 108 2968 ao
127 2910 207 2962 esset
234 2907 370 2962 vexatus:
397 2898 507 2959 Lanam
535 2901 669 2962 sucidam
696 2902 793 2982 pondo
823 2901 917 2964 librae
945 2905 1008 2964 vini
1035 2906 1142 2966 veteris

127 2992 256 3050 sextario
290 2988 342 3050 diu
372 2986 500 3068 lavabat,
537 2989 644 3051 deinde
676 3009 848 3071 expressam
885 2992 1044 3074 reiciebat3
1077 2995 1143 3055 vino

127 3086 225 3139 autem
249 3077 370 3137 residuo
393 3076 540 3138 adiciebat
567 3079 733 3158 aphronitri
763 3081 824 3140 usti
846 3080 945 3158 pondo
969 3089 1144 3163 sextantem,

125 3165 185 3224 olei
219 3167 326 3226 veteris
358 3164 457 3244 pondo
489 3164 611 3248 libram;
643 3168 807 3247 reponebat
838 3170 869 3228 in
902 3167 1014 3230 oleario
1047 3169 1143 3251 fictili3

198 3321 230 3372 1a
246 3315 393 3372 inductum
402 3317 505 3372 Rhoda
498 3316 681 3375 inductoR.
720 3324 753 3374 ta
768 3319 962 3378 ordeaoiaeR.
1007 3329 1041 3378 18
1056 3322 1141 3378 abiam

125 3387 219 3445 omM
284 3393 317 3442 19
332 3394 395 3445 orate
408 3388 484 3443 Bene
498 3387 645 3445 facitodd.
661 3389 689 3444 R
704 3389 741 3443 ad
756 3391 818 3459 hos
831 3407 883 3447 om.
899 3394 943 3447 M.
979 3391 1141 3463 hybisciR

124 3457 320 3587 {phoqldxelciqqsa
332 3475 452 3586 opp,
406 3460 452 3528 M3
479 3459 545 3527 fort.
570 3460 710 3531 legendum
734 3460 851 3517 adiuvat
874 3464 911 3519 et.
994 3469 1029 3518 30
1052 3464 1141 3519 librae
