2400 3922
113 143 157 208 22
484 141 543 198 ΧΗ.
563 142 637 199 Vido
655 141 756 199 Fabio.

107 305 244 371 Bunello
263 310 375 371 nostro
394 326 564 392 nauemus,
581 311 619 371 ut
638 305 726 371 illius
744 327 863 370 nomen
882 305 1129 371 immortalitate

107 394 334 481 dignissimum
368 394 517 482 extingui
549 395 679 460 mortali
712 416 785 459 oum
820 415 957 479 corpore
991 417 1062 461 non
1095 397 1129 460 si-

12 476 48 574 J
107 506 230 548 namus.
269 484 357 568 quod
380 483 529 568 equidem
552 484 655 549 enitar
682 486 715 546 et
738 482 880 547 hominis
903 482 986 546 mihi
1010 485 1129 550 amicis·

107 572 191 658 simi,
215 573 332 638 summi
349 572 413 637 uiri
436 572 632 654 memoriam,
655 570 683 635 si
706 571 803 636 modo
827 571 855 635 is
878 593 941 657 ego
965 595 1055 658 sum,
1078 574 1129 658 qui

55 666 238 745 ,stantum
265 665 429 745 praestare
457 660 594 744 possim,
622 659 770 742 profecto
799 659 840 723 ab
868 659 1007 725 interitu
1030 661 1129 726 uindi-

11 745 20 760 '
57 748 61 769 ³
108 751 198 815 cabo.
243 750 338 815 uideo
361 753 394 812 te
418 748 452 811 in
470 748 536 812 tuis
554 747 675 812 litteris
698 747 784 812 idem
806 747 901 834 uelle,
923 769 984 813 nec
1007 749 1129 834 dubito,

109 839 189 924 quin
207 838 321 922 possis.
358 858 433 937 nam
453 840 486 900 et
504 835 679 901 Bunellum
697 857 786 900 amas
804 840 976 938 mortuum·
991 841 1025 901 et
1044 838 1128 902 uales

106 925 1003 1100 tdltiettttttttttdltzdttll
1024 949 1128 1100 tlt

70 1123 96 1164 ro
111 1102 198 1186 quod
224 1125 297 1167 cum
325 1102 413 1186 apud
439 1102 521 1168 alios
542 1102 717 1167 laudabilis
740 1102 880 1166 maxime
904 1102 982 1189 erit,
1009 1102 1126 1169 illustri

106 1191 257 1276 exemplo
285 1191 408 1277 gratiae
436 1191 636 1277 referendae,
667 1196 738 1256 tum
770 1191 811 1255 ad
841 1189 968 1257 animos
1002 1197 1125 1257 nostros

105 1301 214 1345 amore
238 1279 480 1366 coniungendos
507 1285 702 1363 aeternaque
728 1279 966 1344 necessitudine
998 1281 1124 1434 contglu-

106 1368 256 1433 tinandos
288 1368 363 1453 plus
394 1369 503 1433 ualere
535 1368 618 1433 nihil
640 1390 684 1451 po
685 1371 758 1432 t.est
803 1367 943 1451 Reliqua
974 1373 1068 1434 erant
1093 1369 1125 1433 in

106 1457 192 1541 epist
178 1457 287 1521 ttola
273 1461 330 1521 tua
360 1457 532 1559 magnifica
560 1456 716 1558 quaedam
749 1460 781 1520 et
812 1456 979 1557 eleganter
1007 1457 1124 1542 scripta

67 1565 93 1606 ιι
107 1547 146 1610 de
168 1545 321 1611 laudibus
340 1546 486 1629 parentis
509 1545 582 1632 mei,
602 1567 683 1630 quae
706 1543 877 1610 uerissima
895 1545 1012 1632 fateor,
1036 1567 1124 1631 quae

106 1635 180 1700 dam
204 1635 302 1701 etiam
325 1636 438 1700 deme
461 1635 549 1721 ipso,
576 1656 657 1719 quae
680 1655 747 1698 non
770 1655 919 1720 agnosco
965 1656 1044 1699 nam
1067 1633 1124 1700 etsi

105 1724 179 1810 tibi,
206 1724 410 1790 nobilissimo
439 1723 634 1789 adolescenti
661 1722 755 1787 mult
730 1728 773 1787 ιιι
802 1744 869 1786 non
896 1721 1004 1787 solum
1029 1723 1125 1789 fortu-

104 1833 175 1897 nae,
199 1812 376 1876 sedetiam
398 1817 532 1876 naturae
562 1811 664 1875 doct
623 1815 792 1963 trinaeque
820 1809 916 1875 bonis
945 1816 1063 1877 ornato
1087 1815 1125 1896 et,

106 1899 193 1982 quod
211 1904 310 1998 caput
296 1903 388 1984 test,
410 1899 543 1963 uirtutis
562 1899 684 1963 amanti
685 1899 858 1984 ,'placere
859 1898 999 1964 maxime
1019 1901 1126 1984 uelim,

68 1992 218 2051 aotamen
241 1986 317 2070 quia
344 2008 438 2051 nemo
467 1986 570 2051 adhuc
595 2009 615 2050 a
636 2009 688 2051 me
710 1987 774 2052 hoc
797 1987 1003 2074 impetrauit,
1026 1994 1065 2054 ut
1089 2010 1124 2054 ea

105 2074 186 2141 mihi
205 2075 423 2161 adsciscerem,
442 2097 523 2160 quae
542 2097 613 2140 mea
626 2098 693 2141 non
712 2080 828 2161 essent,
847 2079 969 2162 patere,
988 2077 1124 2143 obsecro

106 2169 153 2253 te,
181 2165 220 2230 de
248 2187 300 2231 me
329 2164 401 2249 ipso
429 2165 510 2230 mihi
537 2165 648 2251 potius
675 2187 727 2230 me
755 2164 896 2250 credere,
925 2186 1023 2248 quam
1054 2165 1125 2231 tibi.

25 2256 31 2329 Ξ
107 2255 194 2338 quod
217 2255 245 2320 si
269 2255 422 2339 cupidum
445 2278 515 2320 esse
530 2254 636 2320 laudis
658 2255 786 2319 laudem
809 2275 878 2318 esse
901 2253 962 2338 uis,
985 2253 1051 2319 isto
1075 2275 1126 2320 me

30 2361 34 2394 1
105 2342 183 2406 licet
204 2343 335 2406 nomine
353 2365 419 2407 non
442 2347 637 2427 contemnas,
662 2343 749 2426 quod
772 2364 818 2426 ea,
842 2363 924 2426 quae
946 2342 1072 2408 habent
1095 2343 1128 2426 ii,

67 2449 93 2490 ιι
108 2429 165 2513 qui
188 2428 369 2493 laudabiles
392 2430 514 2494 ducunt
500 2435 562 2514 t,ur
585 2452 646 2516 ego
670 2429 846 2494 eademt
807 2433 846 2493 ut
869 2430 1024 2495 haberem
1048 2454 1128 2496 sem-

108 2538 168 2600 per
184 2516 340 2581 laboraui.
378 2516 435 2580 sed
452 2517 515 2581 scis
530 2516 665 2580 uellet
632 2520 665 2580 et
683 2517 838 2601 perficere
856 2539 924 2583 non
942 2519 1029 2584 idem
1048 2542 1128 2586 esse.

107 2605 246 2670 alterum
268 2603 429 2689 contingit
415 2603 582 2688 tmultis,
605 2603 651 2667 alt
637 2607 743 2670 terum
770 2605 861 2671 dumt
847 2609 940 2671 taxat
963 2607 1018 2695 iis,
1048 2631 1129 2711 quos

108 2693 152 2756 dii
176 2692 310 2778 diligere
334 2696 499 2775 putantur
536 2714 673 2775 quorum
693 2714 753 2781 ego
773 2694 838 2759 te
829 2717 864 2759 ιιι
881 2717 1016 2761 numero
1017 2696 1130 2782 ,iopt·

108 2803 159 2846 me
182 2780 279 2866 Vide,
306 2783 458 2864 praestan
417 2780 485 2844 anti
512 2784 569 2844 nat
570 2803 629 2845 ura
655 2783 783 2866 praedit
784 2806 852 2869 um,
880 2783 1011 2849 Bunelli
1040 2807 1129 2869 p·rae

67 2891 94 2931 ao
109 2874 183 2954 cept
185 2869 213 2934 is
169 2833 388 2934 tiniormat
374 2873 457 2954 tum,
476 2869 601 2935 confido
624 2871 718 2936 facile
737 2873 787 2938 fut
773 2878 891 2938 t.urum
918 2873 1009 2937 Vale
1026 2873 1129 2941 Vane

109 2959 173 3024 tiis.
196 2956 374 3024 MDXLVI.
