2400 3922
471 222 692 286 ..11-

72 383 197 444 feminei
214 385 333 462 generis
352 383 487 444 animalia
506 386 567 445 sint
581 393 611 444 et
625 383 729 445 eodem
744 382 831 442 modo
846 392 931 462 capta
946 387 1089 463 sanguine

73 471 169 533 effuso
203 473 386 533 emittantur.
436 472 562 552 Oportet
598 481 696 534 aertem
729 470 844 532 clavum
876 471 977 551 Cyprii
1011 475 1089 534 aeris

71 569 196 622 acutum
219 561 377 622 demittere
400 563 431 620 in
454 561 590 640 iugulum
612 560 772 622 testudinis
792 569 821 620 et
839 559 972 640 palumbi
991 579 1089 642 venas,

72 666 149 728 qnae
178 648 236 710 sub
263 648 317 710 alis
350 657 434 730 sunt,
466 668 535 710 aere
568 658 655 711 acuto
683 649 824 710 incidere.
869 647 932 709 lloc
961 648 1088 709 medica-

72 746 208 799 mentum
227 737 326 816 ligneo
345 755 414 798 vase
432 746 583 799 serratum
601 739 766 818 reponitur.
799 737 874 798 Cum
893 756 969 816 opus
988 738 1087 818 fuerit,
1107 750 1123 798 5

72 826 182 887 dantur
202 845 238 887 ex
258 844 293 886 eo
311 826 381 887 luna
404 827 597 888 decrescente
620 845 675 906 per
698 827 856 887 continuos
879 827 943 887 dies
966 828 1088 906 triginta

74 917 206 994 primum
234 914 379 976 coclearia
410 918 481 996 tria,
513 915 620 976 deinde
649 917 795 995 quinque,
828 914 935 976 deinde
964 924 1088 995 septem,

71 1002 180 1064 ddnde
194 1022 316 1085 norem,
334 1021 484 1065 summum
498 1003 651 1085 undecim,
671 1011 701 1064 et
719 1021 826 1064 rursus
842 1021 960 1085 novem,
981 1004 1089 1065 deinde

72 1100 202 1173 septem,
230 1092 337 1153 deinde
354 1094 511 1173 quinque,
543 1101 647 1170 postea
678 1094 737 1153 tria
764 1100 795 1153 et
821 1094 932 1153 iterum
962 1102 1089 1172 augetur

72 1182 280 1261 minuiturque
312 1199 456 1242 numerus
486 1180 714 1260 cocleariorum,
746 1181 841 1242 donec
869 1181 932 1241 dies
965 1184 1087 1261 triginta
1107 1195 1141 1243 10

71 1277 140 1330 ente
165 1270 239 1331 dicti
262 1278 486 1330 consumantur.
530 1269 638 1330 Postea
660 1268 811 1348 oportebit
839 1268 938 1329 scobis
962 1270 1087 1330 eboreae

71 1356 223 1419 beminam
254 1376 310 1436 per
337 1358 412 1418 duos
444 1376 563 1419 menses
596 1376 774 1419 consumere
803 1359 872 1417 vitio
906 1366 1088 1438 correptum,

70 1448 270 1526 accipientem
294 1465 329 1506 ex
353 1466 388 1507 ea
411 1456 496 1507 terna
520 1445 664 1507 coclearia
686 1448 718 1506 in
737 1445 785 1506 die
805 1464 841 1505 ex
860 1463 953 1524 aquae
973 1445 1087 1525 cyathis

69 1534 180 1596 tribus.
221 1534 285 1596 lloc
308 1535 524 1596 medicamento
544 1537 597 1614 qui
620 1537 723 1613 utitur,
748 1552 845 1613 neque
864 1536 965 1594 vinum
989 1552 1087 1613 neque

69 1622 189 1684 suillam
213 1631 327 1704 gustet3
350 1631 505 1702 praeterea
527 1623 635 1684 habeat
659 1625 690 1682 in
712 1623 835 1683 brachio
859 1640 950 1682 verua
969 1622 1086 1683 eborea.
1107 1633 1140 1681 15

69 1710 145 1773 Nam
174 1720 246 1773 sunt
269 1719 299 1772 et
322 1714 375 1791 qui
398 1713 572 1790 sanguinem
595 1731 631 1772 ex
654 1729 728 1772 rena
757 1730 810 1772 sua
838 1713 961 1772 missum
985 1709 1088 1772 bibant

70 1809 122 1861 cut
145 1800 184 1861 de
207 1800 334 1862 calvaria
357 1801 492 1862 defuncti
517 1810 603 1862 terna
627 1799 771 1861 coclearia
799 1807 918 1861 sumant
944 1819 1000 1878 per
1022 1800 1087 1861 dies

69 1890 203 1968 triginta.

161 1976 249 2040 XVll.
282 1977 357 2039 Item
375 1996 412 2038 ex
430 1980 563 2039 iocinore
578 1977 748 2056 gladiatoris
766 1976 891 2056 iugulati
909 1978 1086 2056 particulam

68 2064 200 2145 aliquam
219 2068 321 2127 novies
340 2067 437 2127 datam
452 2075 636 2128 consumant.
674 2063 781 2147 (Hoc)
797 2084 932 2144 quaeque
951 2068 1086 2128 eiusdem
1106 2077 1140 2126 20

69 2157 190 2233 generis
210 2163 293 2235 sunt,
318 2163 400 2216 extra
418 2155 583 2216 medicinae
602 2156 819 2233 professionem
838 2153 961 2235 cadunt,
985 2173 1085 2232 quam-

69 2244 114 2304 vis
137 2243 289 2322 proluisse
313 2242 490 2322 quibusdam
513 2246 576 2304 visa
599 2245 667 2304 sint.

160 2331 263 2392 XVlll.
305 2331 379 2393 lllnd
403 2340 502 2393 tamen
526 2350 586 2392 non
608 2338 727 2411 oportet
749 2332 886 2410 ignorare
906 2333 1006 2391 sanari
1028 2330 1086 2392 hoc

68 2421 190 2501 vitium,
209 2438 279 2481 cum
297 2423 448 2500 cognitum
463 2431 523 2503 est,
541 2420 704 2499 aliquibus:
721 2421 802 2480 viros
820 2419 936 2480 facilius
954 2419 1086 2481 mulieri·

68 2506 128 2570 bus
147 2509 321 2590 remediari,
338 2528 449 2589 pueros
463 2509 511 2569 rel
525 2511 654 2588 virgines
673 2508 792 2569 liberari
812 2517 882 2588 post
898 2508 1086 2588 complexum
1104 2518 1138 2568 25

69 2606 102 2658 et
124 2597 400 2677 devirginationem.

160 2686 277 2746 XVllll.
309 2687 354 2747 Ad
373 2685 617 2748 conturbationes
631 2695 661 2747 et
675 2687 833 2766 epiphoras
848 2685 1004 2747 oculorum
1024 2689 1085 2747 scio

68 2773 163 2836 multa
178 2774 309 2855 collyria,
328 2778 446 2836 tametsi
460 2776 553 2854 tarde,
571 2793 695 2853 magnos
710 2785 807 2836 tamen
823 2775 947 2835 effectus
961 2773 1085 2854 habere5

68 2863 122 2924 sed
146 2862 223 2924 nulli
241 2863 431 2944 collyriorum
453 2871 569 2925 tantum
587 2864 697 2944 tribuo,
720 2870 864 2942 quantum
888 2861 964 2941 lycio
982 2861 1085 2922 lndico

68 2969 141 3012 vero
164 2969 222 3032 per
244 2969 285 3013 se.
331 2952 395 3013 Hoc
423 2954 502 3013 enirn
532 2954 612 3013 inter
639 2954 724 3012 initia
753 2953 779 3011 si
807 2952 874 3029 quis
902 2958 937 3010 ut
963 2949 1084 3028 collyrio
1103 2960 1139 3009 30

69 3040 265 3121 inunguatur,
292 3043 444 3122 protinus,
472 3041 503 3101 id
532 3049 578 3101 est
606 3040 710 3101 eodem
734 3038 794 3118 die,
823 3045 853 3097 et
876 3036 978 3097 dolore
1000 3054 1084 3116 prae-

68 3131 149 3190 senti
167 3138 199 3190 et
217 3129 319 3190 lutuno
334 3138 450 3191 tumore
470 3128 653 3190 liberabitur.
682 3127 906 3206 Supervacuum
920 3133 967 3186 est
985 3133 1085 3186 autem

141 3305 158 3354 6
177 3298 282 3354 duntur
299 3299 402 3356 Rhodo
426 3300 510 3356 detur
527 3299 563 3354 R.
637 3303 670 3354 15
689 3297 787 3368 verua]
806 3296 893 3350 viriae
911 3297 953 3351 uel
970 3294 1085 3351 viriolae

69 3366 158 3425 M.
232 3375 268 3425 20
290 3370 352 3425 Hoc
374 3372 484 3438 addidi;
508 3372 545 3438 of.
563 3386 586 3426 o.
607 3375 658 3424 104
680 3369 752 3423 haec
775 3367 850 3422 enim
873 3367 903 3422 et
924 3365 1085 3421 huiusmodi

88 3442 241 3495 nunaunt
313 3446 347 3495 22
372 3439 431 3496 sint
452 3442 565 3511 scripsi:
591 3443 658 3496 sunt
679 3438 715 3496 R.
788 3438 921 3509 novero]
940 3455 975 3493 ue
994 3438 1021 3491 L
1038 3438 1085 3493 vel
1187 3482 1196 3495 .

184 3511 233 3567 ‘oe
305 3514 338 3566 ut
363 3513 411 3567 M:
438 3513 493 3567 hoc
515 3513 551 3567 R.
630 3517 665 3566 31
688 3510 857 3581 inungentur
879 3509 915 3566 L.
987 3508 1086 3567 idest

70 3581 168 3636 eodem
186 3582 234 3638 die
252 3597 304 3638 om.
323 3583 365 3637 M.
