2400 3922
405 180 474 237 XLI.
501 178 601 237 carolo
621 179 743 250 Sigonio.

536 411 617 476 XLI.

226 551 368 618 Oarolo
396 550 557 637 Sigonio
580 551 785 618 Patauium
810 562 856 633 (V,
872 564 921 630 18).

149 693 220 781 Egi
254 693 442 795 diligenter,
475 693 566 795 quod,
592 695 810 794 mandaueras.
856 695 999 778 praecise
1028 719 1081 798 ne:

20 856 31 941 ‚t
67 788 334 957 1011111113
336 781 618 956 {lidbiki
630 782 1082 958 „ligi-eiliafeltelbltlss
1109 893 1122 934 ⁵

67 983 129 1026 non
147 963 376 1047 congruerent.
413 958 496 1023 nihil
514 959 681 1023 morosius.
718 959 859 1024 omulta
877 960 912 1024 in
931 961 1082 1026 omnibus

20 1064 30 1149 ἱ
67 1047 301 1114 intolerabilia!
342 1069 424 1130 quae
446 1047 543 1112 nobis
566 1051 683 1132 tamen,
711 1048 755 1113 mi
779 1047 901 1134 Sigoni,
925 1049 981 1132 qui
1004 1071 1023 1113 a
1046 1047 1090 1113 li?

20 1156 29 1201 t
68 1137 133 1202 bris
155 1136 269 1201 nescio
294 1135 372 1220 quid
394 1135 481 1220 plue,
508 1157 605 1219 quam
628 1137 740 1220 ceteri,
767 1158 880 1220 sapere
904 1136 1082 1223 didicimus,

20 1248 27 1311 ᾗ
66 1225 198 1290 ferenda
230 1227 315 1288 sunt.
365 1245 560 1307 quamquam
586 1223 649 1288 tibi
679 1224 808 1308 quidem
836 1246 896 1309 pro
924 1228 980 1288 tua
1007 1248 1082 1309 pru-

20 1348 26 1387 ;
67 1313 176 1378 dentis
198 1316 299 1396 atque
323 1311 421 1376 etiam
444 1333 503 1395 pro
528 1312 704 1395 superioris
726 1313 813 1378 uitae
832 1317 990 1397 perpetua
1009 1335 1123 1378 oon-10

20 1404 26 1449 5
67 1400 239 1466 suetudine
261 1398 344 1463 nihil
368 1399 505 1464 difficile.
551 1398 614 1465 Sed
631 1400 759 1465 Patauii
782 1405 815 1465 te
838 1423 923 1466 nune
946 1423 1024 1486 esse,
1047 1402 1082 1466 in

20 1452 28 1555 1
68 1488 278 1554 celeberrimo
306 1487 418 1552 ltaliae
445 1488 588 1572 theatro,
616 1488 674 1552 ubi
702 1493 868 1572 spectatur
895 1494 928 1554 et
949 1494 1082 1555 notatur

68 1577 231 1662 acerrime,
254 1576 411 1660 quidquid
431 1598 518 1662 agas,
542 1576 697 1660 quidquid
716 1577 811 1662 dicas,
834 1582 867 1642 et
885 1599 981 1661 saepe
1000 1579 1081 1642 mihi

20 1686 22 1691 ·
69 1688 124 1731 nec
147 1685 304 1748 umquam
328 1664 396 1728 sine
420 1665 528 1748 aliquo
552 1669 641 1729 metu
669 1665 703 1729 in
726 1668 868 1728 mentem
890 1664 989 1728 uenit.
1036 1665 1081 1729 sic

20 1822 23 1851 ,
69 1759 152 1839 sunt,
177 1753 234 1838 qui
257 1756 380 1817 amant:
403 1753 511 1852 omnia
534 1753 679 1836 cupiunt,
702 1751 810 1817 omnia
825 1751 957 1852 timent.
989 1751 1081 1837 Vide,
1096 1773 1122 1814 15

20 1878 24 1963 1
71 1841 426 1996 ttetttttlt
448 1844 726 1993 ,33me
746 1845 1081 2015 tutudit,

20 2060 23 2079 .
72 2041 133 2103 nec,
156 2023 195 2082 ut
214 2040 288 2082 oum
307 2017 387 2102 aliis,
411 2017 529 2100 quibus
553 2017 669 2081 teiam
692 2018 837 2082 doctrina
859 2018 1081 2103 industriaque

20 2086 25 2159 i
72 2105 291 2172 antecelluisse
315 2127 425 2170 omnes
448 2104 600 2188 iudicant,
623 2105 679 2169 sed
702 2109 739 2170 ut
762 2110 869 2170 tecum
887 2106 957 2190 ipse
979 2110 1081 2170 certes

20 2192 24 2311 1
72 2195 227 2349 1111ιέ
229 2193 486 2347 ttettttt
514 2193 625 2366 Uinii?
648 2193 804 2346 &itit
818 2193 1081 2364 diffidit
1095 2214 1121 2254 ²⁰

20 2398 22 2407 ·
72 2334 248 2455 considerb,
276 2375 311 2435 et
337 2392 410 2435 oum
433 2369 513 2434 mihi
537 2369 734 2456 singularem
761 2374 851 2434 tuam
873 2368 907 2433 in
930 2370 1081 2434 omnibus

20 2456 22 2527 1
72 2462 166 2526 rebus
201 2458 415 2542 cupiditatem
446 2480 483 2522 ao
515 2458 717 2546 diligentiam
748 2480 912 2544 propone,
947 2458 1081 2523 mirifice

20 2534 23 2577 '
71 2547 177 2614 laetor.
214 2569 275 2612 nec
298 2569 350 2611 me
373 2551 483 2611 tamen
504 2547 650 2631 paenitet
672 2547 734 2611 hoc
756 2551 885 2612 nostrae
908 2547 1081 2612 necessitu-

73 2637 133 2701 dini
156 2636 322 2718 tribuisse,
345 2639 382 2700 ut
406 2635 555 2720 eclogas
578 2658 597 2699 a
620 2657 671 2700 me
695 2635 826 2720 scripta,
850 2657 931 2720 quae
949 2636 1122 2701 minimest

71 2724 248 2791 necessaria
271 2723 426 2788 duxerim.
471 2722 668 2788 Hesternum
691 2723 776 2788 diem
799 2728 880 2807 puto
904 2728 937 2789 te
960 2724 1082 2789 mutuis

71 2834 139 2879 cum
168 2814 254 2878 Pace
282 2811 374 2877 Scala
403 2812 606 2876 sermonibus
635 2811 864 2878 iucundissime
891 2813 1081 2895 traduxisse,

71 2924 163 2986 quem
185 2901 264 2966 uolo
288 2922 307 2964 a
329 2904 362 2966 te
386 2900 486 2964 amari
508 2900 694 2985 plurimum,
716 2901 770 2965 uel
794 2901 880 2986 quod
903 2901 944 2964 ab
968 2901 1025 2964 illo
1049 2903 1081 2961 te

70 3011 195 3075 quoque
220 2987 321 3053 amari
344 2986 521 3071 plurimum
544 2988 643 3072 sensi,
674 2989 727 3053 uel
750 2989 836 3073 quod
859 3010 897 3052 eo
920 2985 1003 3051 nihil
1024 2986 1081 3048 hu·

70 3075 962 3250 tttss’mttttffltttttltttttatltt
981 3073 1082 3227 tlt
1096 3094 1122 3135 ³⁰

365 3216 373 3249 7

71 3255 142 3342 fero,
166 3276 228 3320 nec
251 3254 286 3318 in
309 3275 346 3318 eo
365 3253 484 3318 riuales
502 3253 607 3319 habeo
626 3274 754 3338 paucos.
791 3250 951 3335 Faloppio
970 3256 1082 3316 nostro

71 3345 94 3408 si
120 3345 301 3409 discessum
328 3363 437 3406 meum
465 3343 681 3425 excusaueris,
712 3362 784 3404 cum
812 3340 922 3405 uxoris
949 3341 1082 3405 morbus

70 3436 213 3519 urgeret,
236 3431 458 3518 gratissimum
482 3431 551 3495 erit.
597 3453 656 3495 nec
678 3435 787 3494 tamen
811 3428 932 3493 diutius
955 3429 1008 3492 hio
1031 3449 1082 3491 me

69 3524 342 3587 commoraturum
365 3524 454 3604 puto.
500 3519 585 3584 tanti
607 3518 690 3582 nihil
713 3522 775 3602 est,
799 3523 835 3583 ut
859 3518 953 3583 uobis
976 3537 1082 3581 carere
1096 3533 1123 3575 os
