2400 3922
448 194 502 259 XL.
530 194 581 250 Pio
600 194 646 251 IV.
1011 197 1054 262 85

52 357 184 422 cudibus
207 378 261 422 me
289 355 332 421 ad
360 354 483 422 caelum
505 358 608 442 tollis,
638 355 766 442 parcius
794 362 966 444 utrumque
989 359 1055 426 uel-

52 470 105 512 em.
154 445 203 511 sic
227 445 316 510 enim
340 448 513 530 utrumque
536 447 674 511 fortasse
697 445 813 511 uerius.
860 469 922 533 ago
945 452 1054 513 tamen

52 535 167 621 petias,
192 534 282 618 quod
301 533 468 617 publicam
485 534 574 599 utilit
595 538 662 599 tem
681 535 779 600 rebus
798 535 949 600 omnibus
967 540 1054 601 ante-

52 646 146 688 ›onas
195 643 295 706 quam
329 643 390 707 ego
421 623 683 688 consuetudinem
715 627 882 707 acceptam
913 645 932 686 a
961 628 1054 707 patre

52 712 163 777 eruaui
187 733 262 775 mea
289 713 406 795 sponte
433 714 465 775 et
493 712 629 776 seruabo
657 712 794 795 posthac
816 715 873 776 tuo
897 711 1054 777 inuitatus
1082 735 1096 774 5

52 800 187 884 uemplo
214 799 412 886 diligentius.
458 799 506 864 De
529 799 684 882 nummis,
707 822 780 864 cum
802 799 935 883 libebit,
958 804 1055 885 atque

52 890 113 954 aleo
138 892 178 953 ut
201 887 341 953 lubebit.
388 888 496 974 urgeri
519 888 605 952 enim
628 910 714 973 eum,
739 887 868 972 quicum
891 887 954 953 tibi
977 911 1054 954 usus

52 976 228 1061 ntercedat,
250 997 292 1040 nc
315 976 343 1039 si
361 975 432 1059 ipse
451 977 580 1060 quidem
599 976 689 1060 uelis,
712 976 806 1040 facile
824 976 1054 1060 permitterem.

52 1065 218 1151 honysius
242 1063 353 1148 paullo
377 1064 492 1150 serius,
516 1086 614 1149 quam
632 1068 835 1150 putaueram,
859 1066 1054 1132 absoluetur.

52 1175 163 1220 noram
187 1152 300 1218 iniecit
326 1153 496 1220 commissa
524 1153 609 1218 inter
636 1153 800 1237 operarios
827 1152 898 1218 rixa
921 1155 1055 1219 absente
1071 1177 1097 1217 ro

52 1265 96 1309 ne.
144 1263 253 1326 nequa
281 1244 391 1306 tamen
416 1243 477 1306 hac
505 1241 584 1307 satis
609 1242 688 1327 leui,
718 1241 774 1306 sed
801 1241 873 1306 aliis
901 1242 1056 1307 adductus

52 1331 176 1414 auseis,
212 1351 294 1414 quae
323 1329 477 1413 ponderis
505 1330 603 1416 longe
635 1330 710 1414 plus
741 1330 921 1416 habebant,
954 1352 1056 1415 paene

52 1424 147 1485 utum
170 1418 344 1483 consilium
367 1418 556 1483 abieceram.
593 1440 679 1483 nunc
701 1422 734 1483 te
757 1419 909 1483 hortante
932 1440 969 1483 ac
992 1441 1057 1484 mo-

52 1512 137 1572 rante
169 1506 282 1591 etiam,
312 1511 350 1571 ut
379 1507 538 1591 celeriter,
568 1506 646 1591 quid
676 1507 794 1592 agam?
840 1506 917 1590 quid
940 1511 1057 1588 autem,

52 1596 103 1660 risi
127 1596 218 1680 quod
243 1596 314 1679 ipse
338 1595 453 1678 cupis?
494 1595 580 1680 quod
607 1598 692 1660 certe
720 1616 791 1658 mea
818 1615 930 1658 caussa
957 1595 1056 1677 cupis.
1072 1615 1098 1656 15

52 1685 167 1771 urgebo
198 1683 300 1770 igitur
329 1705 390 1767 pro
420 1683 507 1747 uirili
536 1705 595 1748 neo
626 1684 791 1766 impensae
821 1685 972 1765 parcetur
1002 1686 1057 1746 aut

52 1771 158 1838 labori.
191 1771 242 1836 De
262 1770 428 1836 Gallorum
450 1794 526 1857 rege
545 1771 634 1836 dolui
653 1791 729 1834 sane
748 1769 892 1856 grauiter
916 1769 1058 1834 dolorem

52 1865 197 1927 uestrum.
244 1860 300 1924 sed
322 1860 468 1924 humana>
486 1880 567 1943 quae
595 1863 684 1944 sunt,
711 1858 896 1923 humaniter
918 1858 1057 1923 ferenda.

52 1970 102 2015 nec
127 1948 228 2014 uobis
255 1947 419 2013 doctrinae
446 1947 587 2012 remedia
613 1969 672 2012 nec
700 1968 750 2032 aa,
779 1969 859 2031 quae
887 1951 1059 2012 sumuntur

52 2057 200 2102 ararum
232 2059 306 2121 usu,
339 2036 447 2100 deesse
477 2039 622 2119 possunt.
669 2039 701 2100 et
733 2039 769 2100 tu
801 2036 882 2100 mihi
914 2035 1101 2101 mirandam

52 2125 181 2191 mrrasti
211 2125 249 2189 de
274 2124 451 2189 Gardinalis
478 2125 601 2208 pietate
628 2124 663 2188 in
690 2123 803 2188 Deum.
851 2145 914 2208 quo
942 2123 997 2186 ille
1026 2144 1059 2186 se

52 2234 168 2298 uosque
192 2235 304 2278 omnes
328 2212 488 2296 praesidio
512 2212 666 2277 aduersus
685 2212 891 2296 iniquitatem
909 2212 1059 2275 fortunae

52 2302 208 2385 praeclare
241 2301 397 2366 tuebitur.
442 2300 531 2366 Vale.
577 2300 724 2366 Venetiis
756 2297 907 2380 [MDLIX
938 2302 1060 2363 aestate

52 2395 182 2456 exeunte
206 2390 259 2454 uel
282 2394 455 2455 auctumno
478 2389 633 2473 ineunte]¹

524 2761 590 2824 XL-
1078 2787 1105 2828 aa

53 2901 217 2989 Scripsit
238 2903 335 2966 hanc
355 2901 578 2966 liberalium
597 2901 893 2985 disciplinarum
911 2898 1063 2963 nomine

232 3006 300 3072 Pio
324 3005 382 3071 IV.
420 3006 615 3071 Pontificc
639 3009 767 3070 creato
792 3013 836 3083 (V,
853 3013 885 3079 1).

136 3147 222 3215 (lum
244 3148 321 3232 tibi,
345 3147 497 3213 Pontifex
525 3147 662 3232 optime,
689 3147 730 3210 ad
752 3144 848 3208 istam
871 3141 1065 3228 dignitatem

56 3257 152 3323 nuper
177 3236 336 3301 diuinitus
360 3236 458 3321 elato,
487 3258 550 3321 qua
573 3234 744 3301 sublimius
767 3236 823 3296 aut
846 3231 1064 3315 praestantius

57 3324 133 3392 inter
157 3324 308 3390 homines
335 3324 418 3389 nihil
441 3329 502 3408 cst,
530 3323 681 3389 mortales
710 3342 807 3406 quam
834 3319 980 3406 plurimi,
1008 3320 1064 3385 alii
1077 3351 1105 3392 ω

140 3490 156 3538 1
176 3485 244 3554 post
268 3481 368 3537 ‘tollis’
395 3484 481 3536 antea
503 3481 664 3550 legebatur:
692 3494 750 3533 non
772 3477 865 3549 magis
889 3493 1013 3533 amoram
1036 3475 1067 3530 iu
1174 3526 1177 3533 .

59 3559 212 3626 motuum,
230 3569 315 3623 quarn
334 3552 491 3608 doctrinam
509 3568 582 3607 amo.
