2400 3922
521 195 737 260 -1g..

119 361 185 438 bat,
212 378 241 439 p.
261 359 286 420 ἓ
308 358 350 437 ll,
380 359 532 437 aeruginis
559 375 643 418 rasae
671 376 700 437 p.
720 355 746 417 X
770 356 784 416 Ι
811 365 844 418 ct
871 359 1034 438 victoriati,
1064 360 1130 418 aerIs

119 449 205 511 boris
226 448 321 528 mam,
343 449 469 508 commis
491 466 519 527 p.
538 445 564 506 Κ
582 445 621 526 ll3
643 464 721 525 aqua
743 445 869 525 pluviali
891 448 1012 508 teritur.

210 535 328 598 ml.
372 535 534 614 Collyrium
571 553 641 595 acre
677 534 715 595 ad
748 535 956 597 extenuandas
988 536 1131 597 cicatrices

122 629 258 708 qrramris
283 635 402 686 reteres
428 623 645 702 caliginemque
672 631 704 684 et
731 623 952 702 aspritudinem
978 624 1132 703 oculorum,

86 716 203 796 equod
230 714 325 776 semel
350 715 508 774 inunctum
535 711 668 791 plurium
691 711 811 773 dicrum
834 712 976 774 eliacim
1003 720 1132 792 praestat

122 804 249 885 Oportet
271 812 372 863 autem
394 820 430 862 eo
448 810 558 880 aquato
575 802 634 880 uti,
657 800 709 861 diu
732 802 814 862 enim
837 809 936 862 tenet:
959 801 1134 863 Ammoniaci
1178 856 1180 875 ,

122 902 224 972 guttae
255 890 354 970 pondo
386 889 507 968 libram,
543 891 695 968 aeruginis
729 889 830 967 pondo
864 888 986 964 libram,
1020 891 1132 952 commis
1177 882 1180 917 ²

121 980 222 1059 pondo
248 978 459 1058 quadrantem,
491 977 614 1055 pluviali
640 995 717 1057 aqua
744 979 855 1039 teritur
883 996 1013 1061 aerugo,
1041 986 1133 1058 postea
1178 974 1180 1059 j

121 1077 222 1129 cetera
244 1066 450 1145 adiunguntur
472 1075 621 1127 macoma
643 1083 728 1145 aqna
1178 1134 1180 1143 ,

69 1169 104 1218 to
213 1153 342 1215 XXXVI.
369 1153 533 1234 Collyrium
546 1155 627 1233 qnod
645 1157 769 1235 proprie
783 1155 854 1216 lacit
873 1155 910 1216 ad
925 1155 1134 1236 aspritudinem
1178 1200 1180 1223 2

122 1244 333 1325 palpebrarum
362 1251 393 1304 et
420 1242 630 1323 callositmem3
661 1252 782 1323 oportet
813 1243 954 1305 subicere
987 1243 1134 1324 specillum
1178 1262 1180 1313 ;

122 1344 174 1395 aut
192 1336 342 1395 invertere
360 1331 546 1412 palpebram:
569 1331 656 1393 Aeris
673 1334 735 1393 usti
753 1351 782 1412 p.
797 1331 823 1392 a
841 1331 968 1415 XXIIII,
991 1334 1136 1412 aeruginis

122 1443 152 1504 p.
175 1422 202 1483 Χ
229 1421 280 1503 vl,
311 1423 394 1482 croci
424 1440 453 1501 p.
476 1420 504 1481 X
529 1419 571 1499 X,
603 1439 722 1482 murrae
754 1420 833 1501 p}
863 1421 891 1503 1,
922 1422 1012 1482 nardi
1045 1424 1135 1503 spicae

123 1532 151 1593 p.
176 1511 201 1571 X
229 1511 256 1592 1,
282 1513 379 1572 casiae
406 1511 491 1571 rulae
514 1509 682 1570 fistularum
704 1511 853 1571 vIctoriati
876 1510 1007 1590 pondus,
1030 1511 1135 1591 piperis

71 1613 105 1663 lo
124 1599 184 1661 albi
206 1618 297 1679 grana
321 1597 407 1679 xiv,
433 1601 558 1659 commis
584 1616 614 1677 p.
637 1597 664 1658 X
686 1597 779 1678 v11113
800 1600 869 1658 vino
894 1597 968 1659 (lbio
993 1607 1135 1660 teruntur.

215 1687 357 1748 XXXVII.
402 1687 651 1748 Medicamentum
682 1686 830 1766 liquidum
863 1687 899 1748 ad
931 1686 1137 1767 palpebrarum

125 1779 314 1839 veterrimam
333 1775 549 1855 aspritudinem
568 1783 600 1835 et
617 1784 842 1836 excrescentem
862 1793 995 1858 carnem,
1013 1772 1138 1839 admon

125 1883 212 1944 quam
236 1872 357 1944 vocant,
379 1867 452 1923 item
475 1860 557 1942 <ad>
580 1862 688 1925 callum
710 1864 922 1937 durissimum3
945 1864 1073 1944 bpgram
1096 1883 1138 1945 ap

123 1952 248 2034 pellant,
272 1953 342 2032 qrria
360 1960 408 2012 est
429 1951 577 2030 liquidum
598 1952 861 2032 medicamentum
885 1971 1008 2015 caruem
1028 1972 1066 2015 ex
1086 1953 1138 2033 pal

71 2055 106 2106 to
124 2041 226 2123 pebris
256 2040 334 2102 tollit
365 2043 429 2102 sine
456 2058 564 2120 magno
592 2040 703 2102 dolore.
749 2041 867 2120 llecipit
894 2041 982 2104 baec:
1014 2041 1139 2124 Merrae,

125 2133 212 2214 turis,
235 2132 329 2212 croci,
357 2129 543 2210 singulorum
570 2149 598 2208 p.
618 2129 644 2190 ll
666 2129 720 2210 III,
748 2133 858 2209 misyos
886 2150 913 2210 p.
934 2130 960 2191 a
984 2129 1039 2213 111,
1068 2131 1139 2192 ebal·

126 2223 193 2284 citis
220 2239 249 2300 p.
269 2219 295 2280 a
317 2218 363 2282 Vl
408 2217 489 2280 llaec
516 2228 657 2280 teruntur
685 2219 843 2298 diligenter
871 2227 957 2280 aceto
986 2224 1065 2302 acri3
1093 2219 1139 2281 ubi

126 2311 202 2372 levia
229 2311 306 2370 facta
333 2318 405 2371 sunt
431 2317 462 2369 et
488 2308 598 2369 babent
624 2308 847 2388 spissitudinem
876 2311 970 2388 passi,
1000 2313 1139 2371 miscetur

127 2402 171 2459 eis
204 2399 300 2459 mellis
332 2399 423 2459 Attici
454 2397 552 2474 pondo
585 2396 667 2456 libra.
714 2396 826 2457 Deinde
858 2399 891 2458 in
923 2397 1033 2475 patella
1067 2399 1140 2459 aeris

72 2498 107 2547 25
126 2485 226 2564 Cyprii
241 2503 333 2565 super
347 2485 491 2545 carbones
505 2487 601 2562 posita
615 2485 797 2559 iufervcscit,
815 2485 910 2546 donec
925 2485 1023 2547 mellis
1037 2486 1141 2548 babeat

126 2590 187 2632 non
203 2574 328 2632 nimium
342 2571 447 2650 liquidi
462 2571 686 2648 spissitudinem
701 2580 790 2651 atque
804 2576 846 2635 ita
860 2576 1020 2652 reponitur
1034 2575 1140 2654 puxide

126 2662 204 2721 aeris
219 2658 327 2740 Cyprii.
360 2658 435 2719 Cum
454 2676 530 2737 opus
554 2659 658 2741 fucrit,
681 2662 842 2723 invertitur
860 2662 1012 2745 palpebra,
1036 2663 1140 2725 deinde

126 2749 184 2811 boc
212 2748 427 2809 medicamento
456 2746 626 2809 suffricatur
656 2751 775 2810 curiose
803 2751 839 2811 ad
869 2751 1141 2814 delacrimationem

128 2848 158 2900 et
189 2837 242 2899 ubi
273 2838 396 2898 desierit
428 2836 580 2919 mordere,
611 2855 720 2900 rursus
751 2841 901 2901 invertere
931 2848 1053 2919 oportet
1084 2841 1141 2920 pal·

73 2941 108 2991 ao
127 2926 250 3007 pebram
277 2933 365 3004 atque
393 2927 433 2986 ita
461 2924 568 3006 pollice
596 2928 733 3008 inpresso
757 2927 945 2989 membranas
973 2931 1140 2990 innatantes

198 3138 216 3185 4
236 3132 363 3202 quamvis
383 3135 420 3186 M
424 3155 431 3188 ε
451 3138 480 3188 et
498 3134 627 3202 quamvis
646 3136 681 3190 Il.
737 3135 893 3206 oculorum]
913 3136 1083 3204 angulorum
1100 3134 1140 3190 Μ.

129 3209 161 3257 11
186 3205 299 3272 oportet
321 3205 416 3259 aulem
439 3208 489 3260 aut
512 3205 639 3261 subicere
662 3206 703 3261 M.
779 3213 811 3260 14
834 3207 944 3276 pondus
967 3206 1015 3261 M:
1042 3212 1083 3276 p0.
1107 3205 1140 3260 R.

129 3280 163 3328 16
185 3275 423 3330 medicamentum
450 3275 590 3346 liquidum
618 3293 668 3339 om.
692 3277 734 3331 M.
808 3281 842 3330 18
866 3276 903 3331 ad
927 3277 1035 3332 addidi.
1108 3280 1139 3330 il

127 3344 285 3472 erec·
530 3347 752 3474 cucone
1061 3347 1140 3473 rer

242 3459 248 3471 .
372 3435 418 3473 re
473 3463 478 3474 .
605 3435 620 3473 e
694 3436 730 3472 :r
785 3435 797 3472 s
858 3458 865 3472 .
1013 3435 1062 3473 mc
1112 3435 1126 3471 r

128 3488 193 3543 add.
211 3486 240 3540 R
262 3435 451 3556 mecllldmen,
479 3490 552 3558 qnod
576 3489 732 3557 interpretes
754 3504 808 3544 ease
830 3489 895 3543 inde
917 3434 1047 3557 eflicitur,
1071 3487 1140 3560 puod

129 3557 290 3615 Scribonius
307 3573 337 3613 eo
355 3560 484 3615 uocabulo
503 3561 593 3615 autur
610 3574 754 3628 nusquam.
828 3564 862 3614 30
880 3559 1011 3615 iurantes
1031 3561 1076 3615 M.
