2400 3922
529 211 568 223 ..
618 176 661 242 62
694 211 749 275 :-

130 344 287 424 praetorii,
318 341 449 403 hominis
484 341 601 420 optimi,
639 338 675 399 ad
709 338 997 418 quinquagesimum
1034 335 1149 416 lapidem

146 429 327 508 reddentis}

133 431 147 511 [
222 518 357 581 CXLVII.
398 517 443 579 Ad
466 525 616 578 tumorem
639 519 669 578 et
687 514 824 575 dolorem
842 516 963 576 vesicae
987 514 1076 576 etad
1098 531 1150 593 eos,

133 612 186 690 qui
209 607 369 670 difficulter
387 609 505 667 urinam
528 604 671 666 reddunt:
694 603 810 665 Alteroi
831 605 965 684 seminis,
990 606 1050 685 apii
1074 604 1150 664 semi·

96 701 193 779 cnm,
225 696 336 758 malvae
370 697 505 776 seminis,
538 693 708 755 cucumeris
741 691 839 753 edulis
872 693 999 753 seminis
1031 691 1150 770 purgati,

133 786 319 865 singulorum
347 802 376 862 p.
400 783 426 842 X
449 782 499 864 VI,
533 780 755 861 amygdalorum
789 779 925 843 dulcium
952 788 1151 860 purgatorum,

133 875 309 936 nucleorum
331 874 489 952 pineorum
508 877 714 950 purgatorum,
733 868 922 948 singulorum
941 888 973 948 p.
991 869 1018 929 X
1037 869 1086 950 ΙΙΙ,
1108 870 1151 946 opi

132 982 161 1042 p.
180 963 205 1021 X
229 961 255 1043 1,
278 963 361 1022 croci
382 978 410 1039 p.
430 959 456 1018 X
479 959 492 1018 l
516 967 547 1020 et
569 960 732 1039 victoriati3
755 976 844 1037 passo
866 966 997 1019 contusa
1019 974 1150 1037 consper-

132 1058 252 1130 guntur.
298 1047 391 1109 Datur
414 1048 472 1109 hoc
495 1048 746 1109 medicamentum
769 1047 905 1126 pondere
927 1045 955 1106 X
979 1046 993 1106 1
1019 1065 1057 1108 ex
1077 1046 1150 1126 passi

81 1153 114 1201 10
135 1138 248 1218 cyathis
272 1136 389 1198 duobus
412 1144 443 1197 et
465 1154 559 1215 aquae
582 1135 716 1197 totidem.

223 1224 347 1288 CXVlll.
384 1225 428 1287 td
442 1227 573 1287 vesicam
585 1223 799 1286 exulceratam:
817 1222 1004 1285 Nucleorum
1024 1223 1150 1304 amygda-

134 1317 232 1379 lorum
255 1316 405 1376 victoriati
426 1315 553 1396 pondua,
577 1315 745 1375 cucumeris
769 1312 866 1374 edulis
891 1315 1018 1374 seminis
1040 1313 1149 1393 purgati

135 1406 259 1486 cyathus
287 1422 380 1484 unius,
413 1406 496 1464 anesi
528 1402 665 1483 cyathus,
696 1403 852 1480 papaveris
884 1404 968 1480 nigri
995 1422 1025 1482 p.
1048 1401 1074 1460 X
1094 1399 1150 1473 llll,

136 1497 218 1557 croci
239 1512 268 1573 p
292 1493 318 1552 X
343 1492 367 1572 l,
395 1493 509 1572 palmae
532 1493 660 1553 cariotae
679 1489 768 1550 XXX.
810 1488 871 1551 Has
898 1492 1050 1551 macerari
1071 1506 1150 1569 opor·

83 1596 116 1645 15
136 1592 180 1646 tet
203 1586 235 1645 in
265 1584 347 1663 passi
379 1583 508 1643 sextario
539 1599 598 1641 uno
631 1586 720 1658 atque
753 1597 809 1639 con
811 1585 925 1659 terere,
958 1578 1008 1639 his
1041 1578 1148 1640 adicere

136 1682 250 1736 cetera:
274 1689 311 1732 ex
333 1689 369 1732 eo
393 1671 463 1732 dare
486 1672 573 1732 nucis
596 1666 743 1747 iuglandis
760 1668 1000 1794 magnitudinem
1024 1686 1061 1728 ex
1078 1666 1150 1746 passi

136 1762 250 1842 cyathis
273 1759 379 1820 tribus.
1189 1806 1192 1815 .

226 1846 476 1908 extrudar
509 1847 684 1922 sanguinem
716 1863 784 1906 cum
816 1844 919 1905 dolore
952 1863 1010 1924 per
1042 1847 1150 1906 urinam

136 1935 309 1996 reddentes:
338 1933 485 1993 hluminis
509 1934 573 1993 fissi
595 1934 695 2012 pondo
717 1935 818 2014 uncia,
846 1933 1038 2012 tragacanthi
1060 1931 1149 2013 pondo

83 2038 117 2087 20
138 2031 266 2085 sextans.
307 2021 545 2098 Tragacanthum
566 2039 602 2082 ex
621 2021 749 2083 alumine
768 2024 840 2082 trito
859 2024 978 2100 cogitur
1003 2025 1036 2082 in
1058 2019 1150 2102 pastil-

136 2112 180 2172 los
204 2111 353 2171 victoriati
375 2110 520 2191 pondere;
548 2110 619 2171 hinc
643 2113 736 2171 viciae
760 2110 965 2189 magnitudine
990 2111 1151 2172 detractum

136 2200 223 2262 datur
247 2217 283 2260 ex
306 2201 387 2279 passi
410 2199 523 2278 cyathis
547 2198 653 2261 tribus.

226 2286 281 2349 ct..
325 2287 383 2366 [hd
406 2290 490 2357 initia
509 2295 662 2349 vetustave
681 2287 903 2367 comprimenda
923 2296 955 2348 et
973 2287 1150 2350 emendanda

137 2378 213 2438 bene
238 2376 330 2454 lacit]
372 2376 417 2437 Ad
441 2376 605 2437 calculosos
624 2377 717 2438 herba
736 2373 975 2457 σκολοπένὸριον,
995 2395 1086 2456 quam
1103 2393 1150 2436 nos

83 2477 117 2526 25
137 2464 326 2544 calcifragam
353 2464 548 2545 appellamus,
576 2464 652 2527 belle
681 2467 751 2526 facit
778 2473 902 2526 contusa
930 2466 1068 2544 pondere
1096 2462 1151 2524 XI

137 2572 173 2614 ex
202 2572 296 2634 aquae
326 2554 440 2633 cyathis
470 2552 567 2613 tribus
594 2572 649 2633 per
677 2553 740 2614 dies
769 2555 904 2634 triginta3
934 2554 1044 2614 eodem
1071 2552 1150 2614 modo

137 2641 226 2703 datur
255 2638 318 2723 ἱερὰ
345 2637 471 2722 βοτάνη,
501 2659 590 2719 quam
620 2659 675 2701 nos
698 2641 883 2703 vettonicam
913 2641 1045 2704 dicimus
1075 2642 1151 2720 [item

211 2829 529 2901 lquinquagensimum
547 2830 582 2886 L
655 2830 691 2884 ab
711 2831 778 2885 urbe
797 2828 922 2911 lapidem
941 2831 984 2886 M.
1061 2829 1150 2885 ired-

138 2902 215 2957 denl'
208 2920 231 2957 rs
258 2918 308 2957 om.
334 2902 381 2970 M,
404 2903 514 2958 inclusi
607 2899 694 2971 iopi
716 2901 755 2955 L.
784 2899 843 2970 opii
865 2900 900 2954 a.
994 2901 1151 2971 9pondere

137 2974 251 3098 hipp.
268 2979 311 3040 p0.
325 2973 361 3028 R.
419 2980 453 3029 14
470 2975 581 3043 palmae
601 2975 733 3042 caryotae
746 2972 835 3028 Rhod
854 2972 965 3040 palmas
984 2970 1150 3028 cariotasR

235 3043 280 3096 Μ·
300 3043 444 3126 phrigini
445 3063 462 3100 a
432 3045 520 3111 em
540 3063 578 3100 aa
596 3046 651 3114 n(
641 3045 831 3114 n(=umero)
849 3047 903 3096 tn?
980 3040 1150 3100 moereatis

138 3132 194 3169 uno
208 3116 320 3182 scripsi.
340 3117 492 3170 sextarium
506 3133 592 3170 unum
607 3113 945 3169 R.16eoM:eodem
959 3113 996 3169 R.
1049 3111 1152 3185 magni·

137 3184 237 3240 tudine
256 3185 290 3239 L.
364 3191 397 3239 21
417 3188 541 3254 pondere
560 3188 672 3256 scripsi.
690 3186 784 3255 pondo
799 3184 834 3240 R.
903 3189 937 3237 23
956 3187 1095 3242 vocabulo
1111 3182 1152 3238 Ad

137 3254 221 3310 initia
238 3256 387 3311 vetustave
411 3257 621 3325 comprimenda
644 3260 673 3312 et
695 3256 870 3310 emendanda
891 3254 963 3310 bene
988 3257 1060 3312 facit
1083 3275 1102 3312 a
1120 3253 1153 3308 Μ

138 3328 237 3382 omisso
261 3327 401 3382 Scribonii
422 3343 480 3381 riori
503 3344 557 3382 esse
579 3330 649 3383 cidit
672 3326 805 3382 Rhodius.
897 3331 931 3380 25
949 3326 1079 3396 pondere
1097 3342 1150 3397 epo:

138 3403 180 3468 p0.
195 3397 231 3453 R.
286 3403 320 3452 27
336 3397 419 3452 datur
437 3399 489 3453 huc
507 3399 675 3467 transposui,
690 3400 754 3467 post
768 3413 870 3463 genere
889 3398 979 3453 coiloc.
997 3398 1033 3454 R.
1090 3399 1151 3453 Vet-

139 3468 276 3539 tonicam]
304 3470 345 3524 sic
371 3470 452 3524 ctiam
474 3468 501 3520 L
529 3470 714 3524 verbenacam
739 3464 905 3533 occatoriam
933 3472 969 3534 cf.
996 3470 1075 3525 Plio.
1099 3472 1151 3522 noi

138 3541 200 3597 hist.
220 3545 264 3610 25,
284 3545 343 3595 105.
363 3546 406 3608 26,
425 3544 467 3594 87.
540 3541 621 3594 uerbo
639 3539 748 3593 incluso
765 3552 821 3591 raca
839 3539 919 3593 habet
937 3539 979 3592 M.
