2400 3922
144 125 208 189 142
454 120 577 177 LXVIII.
600 119 701 176 Ioanni
720 118 847 176 11131031.

580 352 723 417 LXVIII

321 496 457 563 Ioanni
481 493 638 561 Oratoni
660 492 849 560 Viennam
872 503 936 575 (IX,
951 504 989 572 3).

232 641 328 709 Nunc
352 640 482 704 demum
509 636 628 702 exoriri
654 636 736 701 mihi
764 635 877 701 uideor
905 640 938 702 ct
967 638 1059 722 quasi
1084 639 1141 722 3031

144 731 281 796 1111111331
307 732 437 794 3031313
464 727 569 792 lucem
597 725 747 810 adipisci,
778 747 929 792 reuersus
957 731 1035 811 post
1061 746 1143 792 33303
1199 723 1200 728 ’

117 821 254 885 51133313
277 818 311 882 13
338 816 477 901 33111331
505 815 546 880 ab
576 814 658 878 urba
680 815 798 898 Roma,
825 815 911 879 unde
938 837 992 880 me
1018 815 1145 881 laborem

143 908 270 973 nullum
297 927 358 990 pro
388 903 521 989 publica
548 926 583 968 re
613 902 840 988 communique
870 905 1041 970 commodo
1075 923 1145 970 recu-

143 999 269 1062 santem
296 993 405 1080 grauis
428 993 562 1057 morbus
590 1013 627 1056 ac
650 992 821 1056 diuturnus
850 994 1000 1059 311113311,
1051 992 1147 1059 crau

142 1084 253 1148 lantur
271 1082 375 1167 amici,
397 1082 634 1166 amplexantur,
656 1080 816 1146 laetitiam
839 1081 951 1167 oculis,
974 1082 1078 1167 uultu,
1099 1103 1148 1148 ser·

143 1195 239 1238 13033
267 1170 439 1236 declarant.
483 1169 555 1234 Hoc
577 1168 659 1234 mihi
682 1169 949 1236 iucundissimum
973 1176 1034 1257 est,
1057 1169 1149 1238 sedin

104 1263 204 1326 10hcc
235 1260 435 1325 iucunditate
468 1281 570 1345 angor
603 1280 699 1343 saepe
732 1258 856 1325 intimis
888 1260 1057 1344 sensibus,
1088 1259 1150 1324 dum

143 1350 308 1433 recordor,
335 1348 413 1434 quid
440 1348 594 1432 iacturae,
625 1347 780 1431 quamdiu
801 1348 925 1413 Romae
948 1348 1035 1434 uixi,
1058 1346 1151 1416 3130113

144 1462 216 1504 1333
238 1438 383 1523 13331131,
406 1440 445 1502 de
470 1437 596 1522 quibua,
620 1459 817 1521 quamquam
834 1437 986 1524 intelligo
1006 1461 1074 1504 non
1091 1458 1152 1504 eum
1196 1456 1199 1463 '

146 1552 215 1594 esse
242 1550 308 1612 me,
341 1527 398 1612 qui
424 1548 542 1612 1113333
574 1529 738 1609 praestare
770 1525 907 1612 possim,
939 1532 1153 1594 cerumtamen

145 1617 280 1682 minima
301 1617 439 1682 fortasse
461 1637 528 1680 non
546 1619 615 1679 erat
633 1614 825 1698 expectatio.
861 1614 921 1701 113,
944 1615 1084 1702 inquies,
1100 1636 1154 1682 333

105 1723 132 1764 15
146 1706 301 1790 oportuit.
348 1705 456 1787 Oerte,
480 1705 507 1768 si
532 1703 675 1768 diuinare
698 1703 851 1768 licuisset.
896 1703 1036 1792 Verum,
1064 1705 1092 1772 si
1113 1725 1153 1770 133

145 1795 249 1858 adhuc
272 1793 400 1878 integra
423 1796 573 1876 ponatur,
597 1791 693 1855 eundi
717 1792 888 1858 consilium
912 1793 969 1878 qui
993 1795 1155 1880 1331311311·

145 1882 209 1965 dat,
223 1881 361 1945 fortasse
374 1901 470 1944 nemo
485 1879 536 1944 sit.
565 1878 771 1945 Laborabam
786 1881 972 1948 domesticis
991 1882 1155 1949 13301333

145 1969 195 2034 (113
222 1969 359 2034 fratrum
386 1991 533 2033 meorum
559 1967 655 2052 culpa
678 1991 737 2033 nec
765 1993 840 2054 spes
871 1975 941 2036 3131
970 1969 1155 2060 emergendi,

145 2058 209 2125 nisi
241 2081 327 2124 3333
356 2057 491 2123 consilia
526 2061 726 2142 caperentur.
771 2059 922 2124 Vocabar
955 2083 975 2124 a
1007 2062 1155 2128 Pontifice

107 2149 241 2234 3011131,
265 2172 328 2234 quo
347 2147 430 2213 nihil
447 2147 550 2213 uideri
569 2151 698 2232 poterat
720 2148 1001 2216 honorificentius:
1024 2153 1156 2216 fructum
1191 2180 1194 2191 ·

147 2244 257 2303 autem
280 2239 352 2322 quis
374 2261 441 2303 non
464 2237 671 2322 expectaret?
717 2236 980 2304 Cohortabantur
1008 2237 1158 2325 amplissi-

146 2327 192 2389 mi
221 2327 296 2411 uiri,
324 2349 463 2410 quorum
490 2349 567 2413 3133
596 2349 647 2391 133
677 2326 875 2412 singularem
902 2327 1157 2394 beneuolentiam

147 2413 260 2477 multis
288 2416 386 2478 rebus
414 2418 508 2478 33133
540 2437 776 2497 perspexeram.
821 2415 908 2480 laeta
937 2417 1090 2503 denique,
1116 2437 1157 2482 33

147 2500 249 2583 piosa,
273 2502 381 2584 313313
404 2503 446 2564 310
471 2502 622 2565 omnibus
646 2506 741 2566 antea
759 2504 1047 2586 promittebantur.
1089 2502 1158 2591 quid

108 2607 134 2649 33
148 2591 299 2673 agerem?
345 2587 465 2652 credidi
502 2592 534 2652 31
571 2589 713 2676 3331331,
745 2596 783 2654 ut
810 2593 877 2658 fere
910 2616 1023 2660 sumus
1056 2615 1157 2661 omnes

147 2677 295 2741 homines
318 2677 380 2741 hoo
407 2675 552 2761 1333313,
575 2681 613 2741 ut
641 2699 691 2763 33,
721 2702 803 2764 quae
832 2682 995 2767 cupimus,
1025 2685 1158 2750 libenter

150 2788 279 2851 quoque
301 2786 476 2849 speremus.
522 2787 717 2852 quamquam
740 2770 802 2835 1133
824 2771 938 2856 leuius,
963 2774 1053 2857 quod
1076 2793 1160 2857 spem

148 2855 300 2921 fefellerit
323 2858 472 2938 euentus;
499 2861 656 2923 nontam
680 2858 766 2924 enim
789 2861 953 2926 abundare
980 2884 1079 2946 quam
1101 2882 1159 2927 non

150 2967 243 3032 33313
267 2946 396 3030 gratum
419 2947 481 3008 est:
505 2943 586 3009 illud
608 2970 767 3032 perquam
789 2972 902 3036 31333,
926 2951 1014 3034 quod
1038 2947 1159 3037 perpeti

109 3054 136 3095 so
151 3056 247 3116 saepe
265 3033 368 3097 multa
387 3055 459 3097 sum
482 3040 620 3121 coactus,
643 3037 793 3102 indecora
811 3062 945 3121 prorsus
969 3040 1159 3128 indignaque

148 3121 265 3185 studiis
287 3121 416 3206 nostris,
439 3127 544 3188 aetate
563 3129 683 3209 nostra,
706 3126 945 3192 existimatione
969 3133 1159 3215 anteparta.

147 3207 186 3273 In
215 3231 278 3292 quo
306 3214 415 3274 tamen
444 3213 584 3278 occurrit
612 3235 649 3277 33
677 3215 869 3299 0033313110,
902 3219 988 3301 quod
1021 3219 1057 3284 13
1080 3219 1159 3284 31133

149 3296 320 3363 durissimo
353 3321 471 3384 genere
504 3302 607 3367 multa
630 3301 774 3385 ferendo,
804 3304 907 3368 multe
935 3306 1033 3371 simul
1062 3305 1160 3386 didici,

149 3408 231 3470 quae
259 3387 405 3470 profecto
440 3413 492 3453 me
523 3412 688 3474 nunquam
715 3412 819 3474 neque
852 3392 929 3457 libri
960 3418 1069 3480 neque
1103 3395 1160 3461 ulla

109 3493 135 3536 33
150 3475 295 3541 doctrina
317 3498 422 3560 neque
446 3478 514 3543 dies
537 3478 609 3562 ipsa
632 3479 744 3542 docere
768 3481 937 3563 potuisset.
983 3483 1082 3551 Nunc
1105 3485 1162 3551 sin·
