2400 3922
367 105 402 164 V.
430 104 609 176 Hieronymo
623 107 787 178 Seripando.
1063 107 1084 172 9

96 288 183 331 aarum
204 266 323 332 artium
346 266 485 353 fructus,
509 268 628 352 quibus
651 292 702 335 me
726 270 767 334 ab
792 269 924 334 ineunte
947 269 1089 352 pueritia

95 355 232 439 dederam,
264 355 419 441 colligere
448 378 499 420 me
529 358 715 442 sperabam,
746 379 832 422 nuno
863 358 992 441 quidem
1021 378 1088 422 non

96 443 138 507 illa
160 443 262 509 solum
288 442 490 509 iucunditate
523 467 672 510 concessa
704 447 769 510 iam
797 446 903 510 animo
931 446 1087 530 priuarer,

95 531 136 596 sed
165 531 390 598 acerbissimos
431 533 528 598 etiam
568 533 695 599 dolores
736 534 946 618 miseriasque
987 533 1087 617 perci-

94 641 190 703 perem.
230 621 319 685 nosti
338 625 447 685 autem
467 622 538 706 ipse
562 626 608 706 tu,
631 645 672 686 au
691 622 757 686 ulla
775 622 878 687 Musis
901 625 934 686 et
952 620 1086 686 Phoebo
1115 644 1129 685 a

95 729 149 773 cun
167 708 353 774 huiusmodi
384 709 469 774 curis
482 710 683 775 commercia
707 711 780 775 sint.
826 733 878 775 me
902 708 1032 794 quidem
1054 709 1088 772 in

94 793 132 860 his
150 797 307 862 nolestiis
330 797 502 883 degentem
525 799 700 863 excludunt
724 821 857 883 prorsus
881 821 899 862 a
923 801 1089 862 consuetu-

95 882 149 949 dine
175 907 242 950 sua.
290 906 354 969 quo
385 886 507 950 factum
536 891 599 970 est,
629 891 666 951 ut
694 909 760 951 non
790 887 898 972 deO..
915 886 992 971 quid
1015 907 1090 949 uam

94 991 226 1056 umquam
257 973 443 1038 litterarum
475 975 516 1038 ad
547 979 580 1038 te
613 975 782 1060 conficere,
815 970 869 1039 sed
899 964 1089 1039 fie'llrtotti
1136 982 1153 991 “
1168 994 1197 1031 ω

93 1061 204 1142 quidem
231 1061 392 1145 principis
418 1062 613 1127 lectissimae
642 1063 780 1127 feminae
809 1068 842 1128 et
865 1063 1009 1147 Scipioni
1033 1061 1088 1126 Oa·
1104 1086 1131 1131 ro

92 1148 182 1234 pycio,
219 1149 312 1214 cuius
345 1150 558 1215 eruditionem
595 1150 728 1235 plurimi
743 1151 859 1240 ¹ticcio,
894 1151 1088 1237 respondere
1110 1184 1121 1235 ,

92 1237 247 1321 potuerim,
271 1234 588 1322 quamipua'ffi'serius
606 1238 772 1323 aliquanto
792 1246 984 1324 cognoscere
1003 1235 1090 1323 quod
1114 1234 1136 1313 ”j

91 1325 177 1403 reiut
205 1325 413 1415 quam‚„cito,
441 1326 528 1411 quod
554 1349 620 1391 non
648 1327 694 1391 ita
721 1332 852 1414 gratum
874 1328 930 1411 sit,
958 1326 1131 1413 omninof

89 1410 140 1478 itis
161 1402 308 1497 offiafius
327 1406 399 1479 ess'e‘
414 1412 523 1478 'debet
537 1412 656 1498 e'cu'pio
676 1415 769 1500 enim,
793 1416 861 1480 ubi.
874 1415 1016 1500 primum
1038 1413 1090 1478 his

88 1499 228 1567 fluofibus
262 1524 404 1567 emersus
436 1524 511 1581 eum
540 1508 672 1586 portum
702 1504 856 1590 attigero,
889 1526 985 1588 quem
1016 1503 1088 1587 ipsa
1103 1525 1130 1566 1⁵

87 1595 179 1654 nante
203 1591 298 1674 quasi
322 1590 361 1654 de
384 1591 515 1674 specula
539 1592 677 1674 quadam
699 1592 796 1677 longe
820 1593 961 1675 intueor,
985 1591 1089 1655 doctis

88 1679 225 1743 omnibus
249 1683 283 1743 et
305 1679 419 1762 probis
442 1679 569 1763 tibique
592 1680 627 1744 in
650 1679 765 1763 primis
783 1679 975 1762 satisfacere,
999 1678 1090 1742 cuius

87 1765 203 1848 quidem
228 1766 316 1851 quod
339 1767 373 1831 in
396 1767 573 1832 amicitiam
596 1767 814 1852 peruenerim,
839 1772 920 1851 puto
943 1788 994 1831 me
1019 1766 1089 1850 qui-

85 1852 146 1918 dem
182 1855 353 1941 egregium
391 1860 488 1940 atque
525 1856 726 1940 praeclarum
768 1878 836 1921 esse
873 1860 1089 1920 consecutum.

34 1950 36 1959 '
82 1939 183 2027 itque
205 1965 272 2008 non
295 1943 392 2008 modo
415 1944 545 2027 faciam,
572 1945 659 2028 quod
681 1945 775 2009 iubes
798 1945 836 2009 de
861 1944 991 2009 edendis
1014 1943 1089 2008 San·
1104 1968 1132 2008 ao

81 2031 207 2096 marii
222 2032 454 2116 monumentis,
489 2033 545 2097 sed
574 2033 609 2096 in
638 2033 773 2117 reliquis
804 2033 915 2116 etiam,
947 2040 1028 2116 quae
1056 2037 1089 2095 te

82 2119 158 2184 uelle
186 2141 334 2204 quaeque
366 2121 421 2184 uel
448 2121 488 2184 ad
514 2121 643 2185 laudem
670 2123 723 2186 uel
750 2122 792 2186 ad
818 2121 1091 2185 existimationem

80 2211 165 2272 tuam
188 2209 352 2292 pertinere
380 2208 588 2293 existimabo,
617 2210 699 2274 dabo
729 2230 874 2293 operam,
902 2211 939 2272 ut
966 2229 1017 2271 me
1040 2207 1090 2271 tui

79 2298 268 2380 tuarumque
299 2319 408 2362 rerum
441 2297 713 2362 studiosissimum
745 2297 923 2383 intellegas.
972 2295 1089 2360 Sanna-

76 2383 151 2448 zarii
173 2388 282 2450 auteur
305 2386 411 2450 nostri
435 2385 534 2451 editio
559 2387 587 2451 si
609 2385 753 2472 longius,
779 2407 875 2470 quam
898 2389 966 2449 erat
989 2383 1089 2448 animi
1103 2409 1131 2450 aa

75 2471 124 2536 tui
153 2472 362 2560 desiderium,
394 2474 494 2539 dilata
524 2479 587 2559 est,
621 2475 702 2559 noli,
738 2475 886 2557 obsecro,
916 2477 1089 2557 propterea

73 2581 124 2624 mo
146 2582 297 2627 accusare
319 2583 424 2647 neque
448 2562 575 2627 credere
603 2563 707 2648 magis
736 2563 770 2626 id
797 2584 869 2627 mea
892 2561 987 2645 culpa
1010 2561 1089 2643 fieri,

74 2669 171 2732 quam
208 2649 421 2734 quorumdam
459 2651 628 2716 hominum
664 2651 875 2735 improbitate
912 2654 1009 2734 atque
1043 2650 1088 2713 in·

72 2735 175 2822 uidia,
206 2737 264 2821 qui
292 2760 358 2824 me,
391 2761 464 2804 cum
493 2739 604 2804 iuuare
634 2744 667 2804 et
696 2744 831 2823 possent
863 2743 896 2803 et
926 2738 1089 2820 deberent,

72 2824 179 2892 odisse
201 2847 240 2890 ac
262 2825 415 2892 insectari
436 2827 629 2893 maluerunt.
675 2828 761 2911 quod
784 2833 892 2892 tamen
915 2828 1088 2891 incommo-
1101 2852 1131 2892 ao

71 2912 149 2978 dum
178 2914 301 2998 partim
333 2937 396 2999 ope
425 2915 487 2980 Dei
515 2915 590 3000 Opt.
613 2916 696 2981 Max.
726 2916 847 3001 partim
876 2918 987 2979 nostra
1019 2912 1087 2975 dili-

135 3001 184 3067 tia
206 3003 300 3067 breui
324 3003 489 3087 sublatum
512 3004 552 3068 iri
576 3026 750 3089 speramus.
791 3004 900 3085 itaque
923 2999 1088 3065 renouatis

92 3111 180 3155 enuo
204 3090 455 3178 characteribus,
478 3114 541 3175 quo
565 3092 669 3179 magis
691 3090 859 3156 clarissimi
879 3087 1014 3152 Comitis
1038 3088 1088 3154 de-

71 3177 193 3244 siderio
225 3179 455 3263 respondeant,
487 3180 533 3243 ita
563 3180 810 3264 impressionem
840 3175 919 3242 libri
951 3182 1088 3242 matura-

71 3265 195 3353 bimus,
218 3271 256 3332 ut
279 3266 376 3351 nilril,
400 3267 486 3352 quod
509 3267 551 3331 sit
574 3268 608 3332 in
632 3268 738 3332 studio
763 3266 920 3351 positum,
946 3270 1088 3351 praeter·
1102 3290 1130 3332 ac

70 3354 201 3420 missuri
224 3355 336 3420 simus.
377 3360 428 3440 tu,
452 3355 479 3420 si
501 3377 561 3420 nos
584 3355 712 3441 diliges,
735 3359 772 3420 ut
795 3355 950 3420 hactenus
973 3353 1089 3434 fecisti,

70 3443 200 3509 uidebis
223 3443 412 3530 diligenter,
435 3465 476 3508 an
498 3445 533 3508 in
556 3466 593 3508 ea
616 3443 775 3507 librorum
794 3441 1001 3528 supellectili,
1026 3461 1090 3523 qua
