2400 3922
464 178 678 243 ...67-

58 341 213 421 utebatur,
240 349 275 402 ut
302 343 441 420 superius
470 341 543 415 dixi,
571 343 602 401 in
631 350 727 402 nocte.
773 340 874 402 Multis
901 344 1015 420 profuit
1042 345 1078 405 ad

59 448 173 510 corpus
196 431 228 490 in
251 429 364 508 duplici
387 429 486 490 calceo
508 428 616 507 pellem
641 431 775 491 caninam
798 429 917 490 habere.

153 517 263 579 CLXII.
300 518 345 579 Ad
368 517 541 579 utramlibet
566 519 727 597 podagram
750 518 937 597 torpedinem
962 522 1077 599 nigram

58 611 171 686 vivam,
204 625 272 668 cum
306 609 467 668 accesserit
499 606 596 687 dolor,
629 606 767 668 subicere
799 606 926 686 pedibus
959 616 1078 688 oportet

60 696 212 760 stantibus
232 698 264 756 in
281 695 369 756 litore
389 714 448 756 non
472 697 562 773 sicco,
586 695 639 756 sed
658 695 738 774 quod
757 695 851 756 adluit
869 714 959 777 mare,
983 697 1078 758 donec
1098 720 1114 768 5

60 788 173 848 sentiat
199 793 320 863 torpere
348 784 454 863 pedem
482 792 578 844 totum
607 791 638 844 et
664 784 766 845 tibiam
790 785 945 863 usquead
974 803 1078 864 genua.

60 875 125 936 Hoc
159 882 190 935 et
221 876 253 934 in
286 875 437 952 praesenti
469 872 547 933 tollit
578 871 712 933 dolorem
740 881 771 934 et
801 875 831 933 in
864 874 1001 935 futurum
1032 893 1078 935 re·

61 964 183 1026 mediat.
228 961 291 1023 Hoc
320 964 447 1023 Anteros
475 961 588 1022 'liberii
620 960 746 1023 libertus
779 980 870 1040 supra
897 962 1079 1025 hereditates

59 1052 244 1135 remediatus
268 1059 322 1112 est.

153 1138 277 1201 CLlllll.
306 1139 347 1200 Ut
365 1141 406 1199 sis
425 1145 517 1219 tuma,
541 1141 629 1200 etiam
653 1141 680 1199 si
699 1140 816 1218 quaudo
835 1158 888 1201 rus
908 1141 1078 1221 secesseris,
1099 1163 1132 1212 10

61 1247 172 1309 ponam
204 1229 405 1290 theriacarum
437 1229 671 1309 conpositiones,
703 1229 733 1288 id
762 1235 809 1288 ost
840 1228 876 1288 ad
904 1237 1079 1307 serpentum

60 1336 183 1379 morsus
206 1325 295 1396 atque
318 1320 397 1378 ictus
420 1317 643 1377 medicamenta.
681 1314 739 1375 Sed
763 1318 848 1394 prius
867 1334 942 1394 qnae
962 1320 1079 1394 cognita

61 1406 154 1468 habui
178 1407 322 1487 remedia,
346 1424 383 1467 nc
408 1408 457 1466 cui
480 1411 636 1484 serpentes
659 1413 794 1483 noceant,
817 1404 922 1465 dicam.
961 1403 1079 1465 Habere

62 1514 134 1575 ergo
155 1496 187 1555 in
210 1496 311 1555 cinctu
336 1501 454 1574 oportet
477 1493 685 1573 peucedanum
703 1492 748 1552 vel
768 1495 861 1574 cervi,
884 1510 953 1553 cum
973 1501 1079 1572 captus

62 1592 122 1665 est,
149 1585 181 1644 in
209 1584 288 1644 oculi
316 1582 437 1663 angulo,
466 1586 517 1662 qui
541 1589 587 1643 est
614 1581 651 1642 ad
678 1599 766 1643 nares
789 1599 907 1662 versus,
936 1599 1011 1660 quae
1034 1584 1133 1656 in-15

61 1675 225 1734 veniuntur
249 1672 352 1732 sordes
376 1673 467 1732 virosi
486 1672 599 1751 odoris3
622 1671 676 1731 has
697 1669 814 1731 Siciliae
832 1677 989 1730 venatores
1014 1669 1078 1730 dili·

61 1769 168 1842 genter
191 1760 334 1839 colligunt
357 1768 387 1820 et
414 1759 525 1821 habent
551 1762 583 1820 in
606 1761 707 1821 cinctu
730 1754 863 1838 propter'
877 1767 945 1818 ante
969 1759 1079 1819 dictam

62 1867 192 1913 causam.
224 1849 305 1909 ldem
324 1856 458 1929 praestat
476 1858 506 1910 et
524 1848 729 1909 hierabotane
744 1856 774 1909 et
790 1846 934 1909 trifolium
949 1854 1079 1928 acutum,

63 1939 144 2020 quod
159 1933 373 2018 ὄξυτρίφυλλον
387 1937 492 1999 Graeci
511 1937 673 2018 appellant3
691 1938 826 1998 nascitur
840 1944 871 1997 et
888 1936 945 1997 hoc
961 1934 1079 1997 Siciliae

63 2029 235 2109 plurimum.
280 2026 355 2087 Nam
377 2029 410 2087 in
432 2025 534 2087 ltaliae
557 2025 731 2105 regionibus
758 2043 906 2104 nusquam
930 2044 995 2085 eam
1018 2025 1079 2086 vidi
1097 2046 1133 2098 20

62 2116 186 2179 horbam
209 2117 269 2176 nisi
295 2118 326 2175 in
350 2114 450 2176 Lunae
473 2123 577 2195 portu,
605 2133 675 2175 cum
697 2113 880 2176 Britanniam
908 2121 1079 2191 peteremus

61 2224 132 2268 eum
164 2205 221 2265 deo
252 2211 356 2264 nostro
389 2204 528 2284 Caesare,
563 2202 723 2283 plurimam
755 2220 846 2280 super
879 2202 1079 2262 circumdatos

61 2301 189 2356 montes.
234 2293 290 2353 Est
321 2300 422 2353 autem
454 2293 533 2352 foliis
561 2300 592 2352 et
624 2293 724 2371 specie
752 2298 783 2351 et
814 2307 940 2349 numero
973 2288 1079 2349 similis

62 2384 216 2446 communi
239 2381 363 2462 trifolio,
391 2383 451 2441 nisi
474 2380 552 2460 quod
576 2380 666 2441 huius
688 2378 823 2459 pleniora
847 2387 917 2438 sunt
940 2387 971 2438 ot
994 2379 1080 2456 quasi

61 2473 233 2550 lanuginem
257 2469 404 2549 quandam
428 2488 520 2549 super
543 2487 575 2530 se
598 2467 710 2530 habent
733 2470 816 2531 etin
840 2475 971 2528 extrema
993 2473 1079 2546 parte
1097 2487 1134 2538 25

61 2560 145 2622 velut
180 2559 317 2621 aculeum
354 2561 542 2620 eminentem.
598 2558 656 2619 Sed
693 2557 783 2618 huius
820 2557 918 2617 frutex
951 2556 1080 2617 duorum

60 2651 175 2731 pedum
197 2647 349 2709 interdum
373 2655 424 2708 aut
447 2649 536 2709 etiam
559 2646 685 2728 amplior
704 2647 889 2726 conspicitur
908 2652 938 2705 et
956 2644 1079 2706 odorem

60 2756 182 2820 gravem
206 2738 328 2817 omittit,
354 2754 482 2815 quorum
505 2736 579 2797 nihil
602 2739 682 2796 circa
704 2743 844 2814 pratense
867 2733 1012 2794 trifolium
1035 2733 1079 2791 in·

61 2829 190 2889 venitur.
234 2825 292 2886 Sed
316 2831 458 2904 utrasque
482 2826 621 2902 superius
641 2823 735 2883 dictas
758 2821 867 2882 herhas
887 2818 989 2899 [quas]
1009 2836 1079 2878 cum

60 2916 214 2978 inveneris
241 2913 337 2993 pridie
361 2921 465 2974 notare
489 2918 607 2989 oportet
630 2918 660 2969 et
683 2906 933 2970 circumscribere
958 2908 1078 2966 sinistra
1098 2927 1132 2976 30

61 3023 154 3066 manu
172 3003 275 3081 fruges
294 3002 407 3081 aliquas
426 3006 586 3080 ponentem
606 3004 694 3076 atquc
713 3004 834 3074 postero
851 2995 899 3055 die
919 3001 986 3055 ante
1007 2993 1079 3054 solis

61 3101 164 3155 ortum
188 3093 310 3152 sinistra
332 3109 422 3151 manu
445 3087 553 3148 vellere
577 3081 650 3166 <et>
674 3086 715 3144 ita
738 3084 874 3162 inligatas
896 3081 1016 3143 habere.

136 3339 153 3389 8
166 3333 288 3388 Anteros
302 3332 350 3385 M:
369 3330 494 3384 Anthero
508 3327 544 3383 R.
602 3331 635 3380 14
648 3325 679 3379 in
694 3323 787 3378 cinctu
800 3322 904 3378 Rhoda
923 3321 1078 3377 incinctum

62 3407 99 3464 1t.
158 3411 191 3461 17
207 3405 298 3460 cincto
314 3402 349 3457 R.
405 3407 439 3455 22
457 3399 608 3469 plurimam
621 3411 681 3468 epo:
701 3393 852 3463 plurimum
866 3393 902 3448 R.
958 3398 992 3447 29
1007 3410 1078 3461 quas

61 3478 174 3533 inclusi.
233 3481 265 3529 31
285 3490 370 3528 manu
389 3488 448 3542 epo:
469 3476 534 3526 ante
553 3470 594 3526 vel
613 3483 664 3523 ave
678 3466 768 3521 Runa.
783 3465 942 3519 dubitanter
959 3478 1027 3517 auro
1040 3461 1072 3519 R!

61 3555 96 3604 aa
117 3547 190 3620 (er)
208 3546 316 3601 marat.
901 3621 917 3655 ἵε

881 3628 898 3676 S
