2400 3922
516 180 738 247 ..58-

119 348 199 427 passi
223 347 352 407 sextario
375 362 445 405 uno.
490 344 612 406 Praeter
635 362 768 405 murram
796 344 895 404 omnia
918 349 1057 423 contusa,
1079 359 1134 403 non

120 435 264 518 cribrata,
292 443 482 496 macerantur
509 451 596 512 passo
624 440 654 493 et
682 434 750 493 vino
773 439 862 492 nocte
885 439 915 492 et
939 431 1003 513 die3
1032 433 1135 510 postri-

121 525 168 586 die
192 524 307 586 colatur
334 523 445 602 liquor,
473 524 523 583 cui
551 539 652 582 murra
679 523 750 583 trita
774 520 965 582 admiscetur.
1012 519 1058 581 Ex
1082 537 1135 600 quo

121 613 245 694 cyathus
273 613 360 674 datur
388 631 405 672 a
432 609 537 671 balneo
570 609 692 670 alternis
725 608 832 671 diebus
859 609 987 688 singulis
1016 608 1135 670 adiectis

85 702 244 783 ocyathis,
267 702 362 762 donec
390 701 543 780 proiectus
570 697 767 777 intellegatur.
811 697 938 776 Oportet
966 706 1067 759 autem
1094 698 1136 757 his

122 790 228 852 diebus
253 790 323 851 dare
348 792 391 850 eis
415 788 498 849 cibos
521 806 604 848 assae
628 788 726 847 carnis
755 788 881 865 agrestis
904 793 958 847 ant
985 785 1136 848 volucrum

122 899 156 941 ac
179 882 279 940 vinum
304 885 457 938 austerum
480 875 673 938 meraculum.

211 965 347 1027 CXXXV.
389 965 535 1035 Quoniam
557 965 710 1025 interdum
736 981 786 1024 res
810 963 942 1043 postulat
970 972 1002 1025 et
1025 982 1080 1043 per
1102 963 1136 1024 al·

121 1073 190 1115 vum
214 1053 331 1114 detrahi
354 1055 521 1134 materiam,
550 1060 584 1114 ut
611 1053 724 1113 diutius
754 1052 951 1131 lippientibus
975 1047 1135 1113 secundum

68 1158 102 1205 10
122 1143 276 1220 sanguinis
304 1141 532 1222 detractionem,
561 1141 705 1221 scabiem,
732 1143 831 1218 ignem
854 1159 990 1223 sacrum,
1018 1140 1135 1221 papulas

121 1230 300 1292 habentibus
328 1239 358 1292 et
389 1230 443 1291 alia
472 1229 617 1291 eiusmodi
645 1231 725 1290 circa
753 1237 852 1290 cutem
885 1248 1050 1311 summam,
1082 1247 1136 1290 non

122 1321 252 1382 alienum
274 1320 470 1381 iudicavimus
493 1319 601 1380 horum
619 1336 739 1399 quoque
762 1336 856 1397 genus
879 1336 1042 1397 exponere.
1084 1317 1135 1379 Sed

121 1412 206 1489 prins
239 1427 435 1490 exponemus,
464 1427 539 1487 quae
567 1408 664 1469 alvum
692 1406 884 1468 mediocriter
913 1406 1052 1469 molliant
1074 1409 1136 1468 sim·

121 1498 268 1578 pliciaqne
292 1500 359 1559 sint.

68 1599 102 1648 15
211 1586 306 1647 Mollit
328 1604 399 1663 ergo
419 1583 516 1645 alvum
533 1584 626 1644 herba
644 1583 829 1645 Mercurialis
847 1584 968 1645 lenibus
987 1583 1135 1646 holeribus

123 1694 211 1754 quam
234 1676 361 1754 plurima
384 1676 484 1754 mixta,
507 1676 579 1734 item
598 1674 669 1734 nitri
688 1675 836 1734 victoriati
856 1673 976 1752 pondus
1001 1691 1073 1735 cnm
1095 1691 1136 1733 re·

123 1767 187 1824 sina
210 1763 411 1824 terebinthina
439 1761 585 1823 avellanae
613 1763 699 1823 nucis
723 1761 927 1839 magnitudine
955 1762 1136 1823 devoratum.

123 1851 235 1912 Calices
264 1869 383 1929 quoque
411 1852 455 1910 eis
482 1853 689 1911 incrustentur
717 1849 825 1911 additis
853 1853 988 1930 quinque
1016 1849 1065 1912 vel
1092 1867 1138 1911 sex

123 1939 192 2000 salis
220 1939 367 2016 farrisque
395 1940 509 2018 granis,
537 1941 597 2016 apii
625 1941 747 1999 seminis
769 1938 892 2018 paribus
914 1942 1083 2001 mensuris:
1105 1955 1137 1998 ex

67 2043 103 2092 20
126 2028 173 2088 his
197 2029 248 2106 qui
271 2029 372 2088 vinum
396 2045 456 2087 non
484 2034 636 2088 austerum
659 2026 854 2108 praebiberit,
877 2036 1024 2107 quantum
1048 2029 1138 2107 possit

123 2124 190 2177 ante
220 2115 319 2176 cibum
349 2124 378 2177 et
405 2118 484 2176 inter
514 2116 672 2196 prandium
704 2115 750 2175 vel
782 2134 899 2197 cenam,
932 2115 1011 2177 helle
1045 2115 1138 2177 aluum

122 2205 225 2268 mollit.
271 2205 346 2267 ltem
376 2205 455 2266 ovilli
487 2204 571 2267 lactis
604 2207 733 2265 sextario
767 2207 792 2264 si
824 2206 890 2283 quis
922 2204 1032 2266 adiciat
1065 2205 1139 2266 cnici

122 2297 241 2376 purgati
264 2314 291 2374 p.
315 2295 341 2354 X
364 2294 427 2376 llll,
450 2293 563 2355 molliet
585 2301 728 2354 ventrem.
774 2293 901 2363 Quidam
925 2294 1025 2355 tribus
1050 2294 1138 2355 hemi·

123 2386 170 2443 nis
193 2386 254 2443 vini
277 2384 409 2445 adiciunt
432 2383 511 2442 aloes
534 2384 683 2443 victoriati
706 2382 823 2461 pondus
846 2380 892 2442 vel
920 2382 1001 2443 idem
1024 2382 1138 2462 pondus

68 2483 103 2531 25
123 2470 241 2531 duobus
273 2472 408 2532 tribusve
441 2473 578 2529 sextariis
609 2473 671 2530 vini
699 2480 729 2531 et
756 2473 797 2532 ita
824 2477 921 2531 totum
954 2489 1010 2550 per
1041 2481 1138 2551 partes

124 2575 199 2635 aqua
218 2559 343 2618 mixtum
363 2557 477 2618 bibunt.
520 2556 643 2617 Videtur
662 2566 762 2631 antem
781 2561 882 2620 vinum
903 2562 1054 2621 vetustius
1073 2577 1138 2621 ven·

124 2653 259 2723 tremque
288 2662 356 2704 cum
385 2663 419 2705 eo
448 2646 521 2704 satis
549 2643 650 2704 mollit.
697 2645 781 2708 Facit
808 2655 907 2708 autem
937 2647 1002 2708 aloe
1031 2667 1087 2727 per
1109 2666 1137 2709 se

123 2735 270 2794 victoriati
293 2732 340 2792 vel
363 2731 388 2791 X
411 2732 543 2810 pondere
572 2749 607 2792 ex
635 2751 728 2812 aquae
757 2736 870 2815 cyathis
893 2735 991 2798 trihus
1015 2736 1138 2816 frigidae

123 2822 170 2883 vel
192 2821 303 2884 calidae
326 2821 478 2900 perducta.

196 2973 428 3045 3Exe902a1i
496 2973 732 3032 chananitica:
752 2977 884 3032 datusR.
954 2979 1139 3034 cauliaca:

125 3048 175 3129 aui
193 3045 246 3128 R„
309 3051 344 3128 id
365 3042 497 3098 molliant
514 3044 561 3100 M:
585 3045 718 3128 molliunt
735 3047 763 3102 R
840 3047 1038 3118 simpliciaque
1061 3051 1140 3106 Boet-

123 3114 505 3266 tnnnnumt
558 3117 1140 3247 {scailmannus

123 3256 332 3311 berehmbhinae
348 3256 384 3310 R.
437 3262 469 3310 17
485 3256 648 3311 devoratum
666 3261 777 3327 scripsi:
797 3260 948 3315 devoratur
961 3261 998 3316 R.
1061 3269 1094 3318 19
1108 3277 1141 3317 ex

124 3325 290 3382 Meliboei:
310 3330 340 3382 eb
357 3327 382 3382 is
398 3328 434 3383 R.
507 3333 541 3381 23
560 3326 671 3384 molliet
690 3331 738 3385 M:
758 3330 853 3385 mollit
871 3332 900 3386 eb
917 3331 958 3399 R3
983 3333 1141 3404 interpunc-

124 3399 224 3452 tionem
246 3399 361 3454 correct.
436 3398 555 3464 Quidam
574 3397 620 3453 M:
646 3400 762 3470 quidem
779 3401 814 3456 R.
893 3407 928 3456 24
947 3402 1078 3459 adiciunt
1095 3403 1141 3459 M:

124 3469 157 3521 ui
174 3468 210 3524 R.
282 3470 391 3538 pondus
410 3471 522 3538 scripsi:
541 3468 636 3538 pondo
654 3471 691 3526 R.
773 3473 949 3541 adpendere
969 3475 1020 3528 M:
1043 3481 1087 3546 p0.
1106 3474 1143 3530 lt.

125 3544 159 3592 29
178 3539 315 3609 perducta
332 3541 485 3611 Boettipcr:
504 3540 657 3611 perductae
676 3542 704 3597 R
723 3546 838 3613 epotata
856 3543 901 3602 M.
