2430 3922
148 167 169 230 8
449 163 482 220 V.
510 163 680 234 Hieronymo
700 163 861 235 Seripando.

148 331 257 391 totum
286 325 412 390 abdam.
457 347 476 389 a
504 328 536 389 te
563 345 629 389 non
656 330 766 409 petam
793 325 944 409 pluribus
970 325 1094 407 uerbis,
1126 331 1165 390 ut

147 415 225 479 huic
253 414 409 478 desiderio
437 435 509 478 meo
540 413 621 477 uelis
649 414 800 499 obsequi,
831 435 886 497 ne,
918 414 945 477 si
975 413 1008 477 id
1038 413 1184 498 faciam,

149 504 261 567 uidear
284 502 481 567 constantiae
504 523 594 582 meae
618 501 774 585 diffidere,
799 502 854 586 qui
876 501 956 566 mihi
980 501 1036 565 illa
1059 503 1164 568 multo

149 595 225 656 ante
247 592 313 655 iam
330 592 418 656 ultro
437 590 596 654 obtulisti.
637 590 758 675 agebas
781 590 861 654 mihi
881 589 1002 675 gratias
1026 590 1060 654 in
1078 591 1166 674 prio-

122 680 242 744 cribus
264 679 330 744 illis
353 679 392 743 de
409 677 547 742 Arcadia
566 677 758 762 Sannazarii,
780 679 897 762 inquo
921 678 1001 742 mihi
1020 678 1110 743 uisus
1131 701 1167 743 es

148 769 300 832 inducere
324 767 358 831 in
380 766 556 844 amicitiam
573 770 718 830 nostram
736 789 839 853 genus
858 767 1013 831 orationis
1031 767 1168 832 minime

146 856 373 921 necessarium.
418 854 528 938 itaque
556 855 691 937 posthac
718 854 782 920 ista
805 855 1001 920 omittamus.
1046 855 1167 921 nudius

148 944 266 1009 tertius
293 943 397 1026 ipsius
424 941 564 1007 auctoris
587 943 718 1028 Elegias
746 948 779 1008 et
805 944 1052 1030 Epigrammata
1079 965 1167 1009 acce·

150 1032 272 1116 pimus,
301 1031 339 1095 de
368 1031 500 1116 quibus,
526 1036 565 1095 ut
592 1031 783 1097 Fascitellus
810 1036 921 1097 noster
948 1032 1090 1114 iusserit,
1119 1033 1169 1096 ita

109 1143 137 1184 ro
150 1120 267 1185 faciam
289 1119 466 1202 impeditus
484 1119 634 1203 plurimis
656 1120 797 1206 negotiis
819 1121 996 1204 iisdemque
1015 1120 1167 1185 maximis

151 1208 268 1293 scripsi
291 1207 525 1293 negligentius,
550 1230 647 1292 quam
669 1231 729 1293 par
753 1213 834 1293 erat,
861 1209 971 1293 itaque
993 1209 1076 1273 hanc
1100 1209 1167 1293 epi·

150 1297 270 1362 stolam
292 1296 485 1362 conscindes.

240 1384 336 1469 Vale,
377 1383 603 1449 MDXXXIIII.
641 1383 727 1450 VIII.
769 1386 840 1450 idus
881 1385 974 1450 Mart.
1009 1384 1172 1454 Venetiis.

151 1472 319 1541 Manutius
343 1477 419 1538 tuus
441 1473 574 1557 raptim,
597 1477 635 1538 ut
658 1473 756 1538 uides.

552 1696 765 1706 .-...---

112 1920 140 1962 15
642 1894 681 1959 V.

175 2035 319 2100 Paulus
341 2033 537 2099 Manutius
560 2033 797 2120 Hieronymo
820 2033 1032 2120 Seripando
1056 2034 1086 2101 S.
1105 2037 1146 2101 D.

242 2175 316 2241 Etsi
339 2175 478 2241 maxime
500 2197 628 2259 uereor,
654 2197 695 2240 ne
719 2180 756 2240 tu
779 2177 832 2240 uel
854 2176 1087 2263 negligentem,
1113 2179 1169 2243 uel

153 2264 253 2330 etiam
275 2265 326 2330 tui
348 2286 464 2349 parum
486 2286 670 2347 memorem,
694 2264 749 2348 qui
772 2264 876 2329 rarius
899 2265 940 2329 ad
962 2270 994 2329 te
1018 2265 1169 2352 scribam,

154 2353 333 2436 existimes,
362 2353 443 2418 mihi
467 2357 575 2417 tamen
603 2352 766 2417 interdum
794 2352 828 2417 in
855 2353 915 2418 hac
942 2353 1014 2437 ipsa
1041 2353 1169 2418 dubita-

112 2469 142 2510 20
154 2441 244 2505 tione
275 2463 342 2505 non
373 2441 442 2505 sine
474 2440 582 2523 aliquo
613 2440 722 2505 dolore
755 2441 897 2506 uersanti
927 2442 1007 2506 duae
1037 2463 1170 2507 caussae

155 2529 408 2594 consolationem
429 2529 516 2592 baud
538 2550 615 2592 sane
637 2528 743 2594 leuem
765 2531 878 2594 afferre
897 2530 1002 2595 solent
1024 2534 1058 2594 et
1080 2531 1169 2614 quod

153 2617 190 2682 in
212 2617 274 2682 hoc
296 2617 368 2700 ipso
393 2616 579 2681 cessationis
607 2617 753 2702 crimine,
773 2623 818 2682 ,ut
840 2618 948 2703 uideo,
975 2639 1016 2682 ne
1037 2622 1077 2682 tu
1099 2619 1170 2702 qui-

155 2707 229 2770 dem
253 2705 341 2769 omni
365 2704 460 2789 culpa
483 2727 591 2789 uacas,
619 2706 675 2790 qui
697 2706 840 2771 nondum
864 2707 910 2771 eis
932 2706 1064 2790 litteris,
1088 2729 1170 2791 quas

155 2793 380 2876 superioribus
403 2793 570 2858 mensibus
592 2794 633 2858 ad
659 2799 693 2858 te
721 2795 879 2879 dedimus,
907 2795 1112 2879 responderis
1136 2801 1171 2860 et

114 2908 142 2950 25
157 2881 257 2966 quod,
285 2881 404 2965 quibus
427 2881 497 2964 ipse
522 2883 789 2966 occupationibus
811 2904 878 2947 non
901 2881 1004 2947 dicam
1026 2883 1068 2946 ab
1094 2884 1170 2949 scri-

156 2970 254 3035 bendi
278 2970 398 3056 officio,
422 2969 478 3034 sed
500 2970 541 3033 ab
564 2970 645 3054 ipsis
669 2971 767 3036 etiam
789 2971 884 3036 libris
907 2971 1040 3054 auellar,
1063 2971 1171 3037 Fasci-

77 3105 79 3110 -
154 3059 253 3124 tellus
275 3063 386 3123 noster
408 3058 552 3141 optimus
575 3059 668 3124 testis
687 3082 757 3124 esse
780 3063 896 3143 potest.
939 3059 1025 3142 quod
1042 3060 1171 3125 utinam

154 3147 291 3211 nonita
315 3151 412 3231 esset,
435 3152 472 3211 ut
496 3147 679 3213 scribimus!
725 3147 871 3233 profecto
894 3169 1002 3212 meum
1025 3148 1170 3214 studium

155 3234 192 3298 in
214 3235 275 3299 hoc
298 3257 415 3321 genere
438 3235 570 3301 minime
594 3237 797 3301 desiderares.
843 3237 900 3300 sed
922 3235 1038 3301 accidit
1060 3238 1171 3302 nescio

116 3350 144 3390 eo
158 3345 223 3406 quo
250 3345 322 3388 meo
350 3324 433 3409 iate,
463 3329 500 3388 ut
528 3346 591 3408 quo
619 3325 758 3388 maxime
785 3328 932 3408 tempore
960 3324 1173 3391 suauissimos

250 3522 284 3571 16
303 3514 346 3569 Ex
364 3513 508 3570 Renuardi
525 3512 681 3570 Annalibus
700 3513 812 3570 Aldinis
830 3533 896 3586 pag.
911 3522 972 3571 522.
