2400 3922
475 47 692 112 -15..

117 229 150 272 ec
170 212 269 271 omnia
291 227 368 288 aqua
391 208 549 290 pluviatili,
573 212 681 271 commi
701 208 839 271 ultimum
857 211 999 293 adicitur,
1022 221 1091 274 ante

111 319 132 360 c
154 317 223 361 cum
247 306 347 360 cetera
370 298 444 359 levia
468 306 538 359 sunt
561 299 646 379 iacta,
671 301 771 377 opium
795 300 938 360 miscetur
961 319 1090 362 macera·

104 406 139 448 m
172 386 270 467 pridie
298 404 382 465 aqua.
428 386 510 447 Facit
541 387 598 448 boc
626 405 680 467 per
708 405 740 447 se
769 389 857 461 etiam
891 389 990 468 initio,
1022 408 1091 450 oum

99 478 176 537 :uuis
194 475 410 554 abundansque
429 475 495 536 iluit
514 475 634 536 lacrima
653 486 683 536 et
700 476 837 556 pustulae
856 475 997 536 molestae
1012 486 1091 559 sunt,

93 573 126 627 ut
155 582 223 626 cum
252 565 348 644 prima
375 566 477 624 tunica
505 564 584 625 oculi
612 583 700 625 exesa
724 572 771 625 est
798 564 889 625 aliave
913 565 1127 626 exulceratas

87 655 149 715 ium
177 671 289 733 purum
318 651 403 713 ulcus
433 660 491 734 est,
520 652 644 714 diluitur
672 653 733 714 lere
758 655 805 713 ovi
832 652 911 734 albo,
940 654 1018 733 quod
1046 662 1092 714 est

81 743 295 804 enuissimrrm.

165 829 255 891 XXV.
291 829 335 890 dd
355 829 475 890 sordida
494 829 594 890 ulcera
613 830 767 892 oculorum
787 839 963 910 crustasque
981 830 1091 892 haben·

73 922 128 1001 tia,
159 937 234 998 quas
263 910 387 998 ἕσχᾶρας
414 927 533 998 vocant,
565 921 636 979 item
665 914 746 1000 <ad>
775 919 986 1001 carbunculos,
1015 939 1091 1000 quos

73 1004 232 1090 ἄνθρακας
256 1007 372 1088 dicunt,
397 1007 468 1068 lacit
485 1006 561 1067 bene
582 1014 612 1067 et
632 1026 686 1086 per
706 1026 738 1068 se
758 1008 816 1069 mel
834 1009 963 1071 Atticum
982 1009 1090 1090 pyxide
1110 1022 1144 1072 10

73 1096 176 1179 Cyprii
199 1098 279 1157 aeris
302 1095 456 1157 conditum
479 1104 509 1156 et
531 1099 697 1175 repositum
720 1096 873 1159 mensibus
893 1096 1010 1159 duobus
1033 1117 1089 1160 nec

72 1188 188 1248 minus:
213 1194 324 1264 quanto
349 1187 428 1244 enim
451 1183 565 1245 diutius
587 1193 735 1266 remanet,
758 1185 909 1246 efficacius
932 1185 973 1247 fit.

163 1272 265 1336 XXVI.
304 1273 361 1334 Sed
390 1276 550 1353 praecipue
578 1274 635 1334 hoc
664 1274 833 1356 collyrium,
862 1274 940 1352 quod
970 1274 1090 1352 quidam

71 1363 303 1443 Athenippium,
326 1362 447 1441 quidam
465 1362 513 1423 dia
535 1380 678 1444 smyrnes,
704 1362 825 1442 quidam
848 1357 957 1434 εὐῶδες
976 1370 1090 1444 vocant,

72 1455 144 1532 qula
168 1450 240 1511 boni
259 1450 359 1511 odoris
378 1458 432 1511 est.
469 1449 554 1521 Quod
578 1453 666 1511 etiam
690 1450 726 1511 ad
749 1449 885 1528 pustulas
907 1448 1090 1529 papulasque
1110 1462 1143 1512 15

72 1551 103 1602 et
121 1541 355 1619 suppurationes
370 1538 526 1600 oculorum
545 1539 615 1601 lacit
630 1549 659 1600 et
673 1540 709 1600 ad
724 1540 881 1600 cicatrices
899 1556 959 1598 nou
975 1546 1090 1599 veteres

73 1639 102 1691 et
121 1628 160 1689 ad
179 1627 390 1708 palpebrarum
409 1636 561 1689 recentem
580 1636 630 1689 aut
649 1631 680 1688 in
695 1625 872 1707 corporibus
890 1625 1089 1688 tenerioribus

72 1716 301 1798 aspritudinem.
339 1716 465 1795 Oportet
487 1726 586 1777 autem
610 1736 644 1777 eo
669 1717 704 1777 ad
729 1715 847 1777 sordida
871 1715 971 1777 ulcera
994 1715 1089 1777 diluto

73 1824 144 1868 oum
163 1806 213 1866 ori
231 1804 307 1886 albo,
329 1805 359 1866 id
380 1813 425 1865 est
444 1807 635 1884 aquatissimo
655 1808 713 1886 uti,
736 1805 843 1866 deinde
863 1823 930 1867 cum
950 1805 1089 1866 lacrimae

71 1895 168 1956 fluere
188 1893 345 1973 desierint,
364 1896 483 1954 cinereo
503 1896 770 1973 superinunguere.
805 1894 880 1955 ltem
898 1894 935 1954 ad
953 1895 1089 1974 pustulas
1108 1905 1142 1955 2ο

73 2003 110 2045 ex
133 2001 191 2044 ovo
214 1984 319 2044 tritum
349 1983 431 2064 facit,
460 1983 496 2043 ad
524 1983 647 2062 papulas
670 2002 740 2044 vero
764 1991 794 2043 et
819 1982 854 2043 ad
879 1982 996 2043 dolores
1020 2001 1089 2044 cum

71 2071 186 2134 rubore
210 2079 241 2132 et
264 2071 443 2132 distentione
467 2071 546 2132 oculi
574 2074 652 2132 sicca
676 2090 743 2132 cum
772 2071 847 2131 lacte
873 2070 1025 2150 muliebri,
1053 2090 1089 2132 ex

72 2179 149 2241 aqua
179 2167 279 2222 autem
303 2161 339 2221 ad
363 2162 518 2222 cicatrices
546 2168 684 2220 recentes
708 2157 908 2219 extenuandas
932 2167 962 2218 et
989 2159 1088 2238 palpe-

71 2249 197 2311 brarum
229 2249 445 2328 aspritudinem
474 2248 632 2309 tollendam
661 2247 796 2308 subiecto
825 2245 939 2309 scilicet
966 2247 1088 2326 specillo

71 2347 124 2400 aut
143 2340 263 2399 inversa
281 2337 434 2417 palpebra,
456 2339 481 2397 si
501 2340 568 2417 quis
587 2355 622 2398 eo
643 2344 752 2398 utatur.
785 2336 970 2415 Conponitur
988 2345 1089 2399 autem
1107 2350 1141 2400 26

73 2445 109 2489 ex
133 2426 197 2487 bis:
220 2425 428 2506 Pompholygis
449 2425 526 2487 lotae
549 2445 577 2504 p.
598 2426 623 2486 ll
641 2425 719 2507 Vlll,
742 2427 820 2486 aeris
839 2427 900 2486 usti
922 2444 950 2505 p.
971 2425 996 2486 ll
1014 2426 1089 2508 Vlll,

72 2518 155 2577 croci
179 2533 208 2593 p.
228 2514 254 2574 ll
276 2514 342 2594 llll,
365 2532 485 2575 murrae
509 2533 537 2593 p.
557 2514 582 2574 ll
606 2513 659 2595 lll,
683 2514 769 2575 nardi
791 2533 819 2594 p.
840 2514 864 2575 ll
883 2513 920 2573 Vl
943 2526 974 2576 et
996 2518 1087 2577 victo·

72 2606 157 2685 riati,
185 2603 292 2682 lapidis
315 2603 482 2663 haematitis
506 2621 534 2681 p.
554 2602 579 2662 ll
602 2602 628 2662 ll
652 2612 683 2664 et
705 2605 866 2685 victoriati,
894 2606 1006 2684 piperis
1030 2604 1088 2664 albi

145 2843 289 2899 boliesve
309 2845 352 2899 M.
426 2852 442 2898 6
462 2844 526 2899 elbo
545 2843 593 2899 M:
617 2844 714 2900 albore
733 2845 761 2899 R
783 2861 837 2915 quo
858 2844 989 2899 vocabulo
1012 2841 1087 2896 Scri·

72 2915 173 2972 bonius
190 2930 258 2970 usus
280 2931 338 2970 non
355 2919 401 2970 est.
475 2914 546 2970 esd
565 2917 664 2971 addidi
682 2933 695 2970 e
714 2916 756 2971 M.
831 2921 864 2968 14
882 2910 1087 2978 Athenippium

71 2987 186 3056 scripsi:
204 2985 397 3055 Athenippum
415 2985 456 3051 133
475 2987 510 3053 cs.
528 2984 591 3043 dai.
611 2988 691 3053 XII,
710 2991 767 3042 789
784 2982 962 3054 πάγχρηστον
978 2977 1087 3049 Ἀθηνί-

71 3074 148 3112 aeroe.
222 3056 270 3111 die
292 3057 431 3127 smyrnes]
454 3058 490 3124 cf.
511 3056 597 3112 Orelli
617 3059 701 3112 emor.
721 3056 761 3123 11,
785 3074 812 3125 p.
832 3059 892 3109 258.
971 3056 1003 3106 15
1024 3057 1087 3121 poet

74 3127 140 3183 boni
161 3127 255 3183 odoris
274 3128 318 3182 est
336 3127 365 3181 R
383 3129 453 3183 mole
470 3129 579 3197 repetit:
600 3127 654 3182 Sed
672 3125 823 3195 praecipue
841 3125 903 3192 hoc,
921 3140 991 3193 quoe
1007 3139 1087 3178 coca-

72 3199 139 3254 bulo
162 3198 294 3253 Marcelli
320 3199 512 3254 auctoritatem
534 3202 641 3255 secutur
663 3198 771 3252 euecti.
850 3200 882 3249 17
901 3193 1086 3249 tenerioribus

73 3269 122 3325 M:
140 3268 318 3324 tenuioribus
335 3269 371 3325 Β.
442 3275 474 3323 19
494 3286 557 3324 cum
576 3273 640 3324 onte
657 3265 705 3321 ovi
727 3282 777 3321 om.
796 3267 839 3320 M.
908 3272 941 3320 22
961 3283 995 3320 ex
1013 3281 1088 3334 equa

72 3341 168 3396 eutem
182 3338 229 3395 M:
249 3341 279 3395 ei
292 3357 326 3394 ex
340 3340 525 3410 equoeutR.
585 3343 619 3393 26
633 3338 667 3404 cf.
684 3337 746 3391 Gal.
762 3336 828 3404 XII,
844 3342 902 3391 774.
958 3342 991 3391 27
1005 3336 1086 3391 nardi

71 3409 98 3465 Ξ
115 3417 158 3483 p0.
177 3427 227 3466 sex
245 3409 329 3467 semis
348 3415 377 3467 eb
394 3410 538 3467 victoriati
555 3408 591 3464 R.
664 3413 698 3463 28
717 3407 890 3464 heemaiiiee
910 3409 953 3462 M.
