2400 3922
129 138 172 204 18
422 137 455 192 X.
475 137 612 192 Siluestro
630 134 852 191 Aldobrandino.

132 300 321 366 hominibus
357 298 580 384 transalpinis,
617 320 759 363 amorem
796 297 990 363 conciliant:
1026 300 1155 383 quando

131 389 236 476 magis
264 388 299 453 in
330 388 472 454 nostris?
509 387 555 452 At
587 387 622 452 in
649 386 768 451 litteris
800 385 975 470 aliquando
1006 387 1154 454 dissensi-

131 499 212 543 mus.
250 499 311 565 ego
334 500 413 543 uero
431 498 498 542 non
521 475 606 541 nihil
624 475 755 539 etiama
774 478 909 558 parente
928 497 1013 541 meo.
1051 499 1154 562 neque

131 572 242 632 tamen
260 565 405 651 parentis
429 565 579 630 manibus
607 585 692 647 eam,
721 584 818 646 quam
847 563 965 647 debeo,
995 564 1150 648 pietatem

103 655 239 721 ominus
263 659 402 741 praesto.
448 653 640 736 opinionum
664 650 751 714 enim
770 651 1001 717 dissimilitudo
1025 657 1152 718 tantum

132 744 226 810 abest
249 766 268 808 a
291 742 470 826 simultate,
498 744 535 804 ut
552 739 760 824 saepissime,
787 760 854 804 non
882 740 979 806 modo
1005 742 1063 825 qui
1087 765 1150 808 sen·

131 832 235 898 tentia
258 831 450 913 discrepant,
474 828 530 893 sed
554 828 666 913 etiam,
690 827 746 911 qui
770 828 969 893 simultatem
993 835 1152 913 exercent,

132 920 250 986 iudicio
270 921 458 1004 congruant.
505 916 609 994 Quare
633 938 747 981 amoue
777 916 873 981 istam
897 938 937 981 ex
961 918 1074 984 animo
1096 923 1150 984 tuo

132 1006 348 1091 suspicionem
372 1027 488 1090 meque
512 1027 586 1071 oum
608 1004 665 1070 1111
689 1005 736 1069 ita
759 1004 851 1069 crede
875 1027 945 1070 esse
969 1007 1149 1073 reconcilia·

91 1123 118 1162 10
131 1102 211 1180 tum,
234 1100 271 1158 ut
294 1092 431 1178 posthac
455 1095 496 1158 ab
517 1116 564 1178 eo,
587 1093 715 1158 etiamsi
734 1093 945 1159 dissentiendi
965 1117 1081 1161 caussa
1103 1095 1150 1178 sit,

131 1182 300 1249 dissentire
319 1187 429 1247 tamen
449 1183 560 1247 nolim.
583 1182 656 1266 Hic,
675 1186 712 1246 ut
732 1181 881 1246 intentis
896 1183 1072 1268 caloribus,
1089 1206 1150 1250 non

130 1271 304 1337 iniucunde
319 1271 475 1337 uiuimus:
492 1271 584 1336 urbis
597 1271 733 1336 mirifica
747 1271 918 1357 elegantia,
933 1272 1016 1337 caeli
1030 1295 1151 1338 summa

132 1359 314 1426 salubritas.
361 1359 388 1424 si
411 1360 539 1443 quando
563 1364 672 1424 aestus
689 1359 794 1424 maior
812 1363 871 1445 est,
894 1380 993 1443 quam
1013 1366 1051 1427 ut
1070 1362 1150 1426 ferre
1189 1394 1192 1401 ·

131 1448 303 1535 possimus,
327 1447 532 1534 confugimus
551 1448 591 1512 ad
614 1469 721 1532 aquas.
745 1447 850 1512 innixi
873 1448 1004 1514 utribus
1023 1449 1151 1534 infiatis,

91 1561 119 1602 11
132 1542 257 1603 remoto
270 1536 353 1623 loco,
366 1559 427 1602 nos
442 1536 527 1602 inter
540 1559 601 1602 nos
614 1536 785 1600 ludibundi
800 1535 934 1600 flumina
948 1538 1152 1620 perambula

132 1649 213 1693 mus.
243 1626 320 1711 quid
335 1625 488 1712 quaeris?
512 1625 540 1690 si
558 1630 591 1691 te
609 1625 812 1708 haberemus,
830 1625 871 1688 ad
889 1647 1051 1691 summam
1066 1626 1151 1692 uolu-

133 1720 259 1800 ptatem
276 1715 360 1780 nihil
379 1715 495 1780 deerat.
534 1714 589 1779 sed
603 1714 730 1778 animus
748 1718 859 1778 tamen
876 1735 977 1798 meus,
993 1737 1092 1799 quem
1109 1720 1153 1799 tu,

133 1804 242 1888 credo,
270 1803 477 1868 cantionibus
505 1803 698 1886 quibusdam
722 1801 784 1866 tibi
809 1801 975 1888 addixisti,
1002 1803 1154 1887 peruolat

132 1911 251 1976 magna
278 1891 385 1973 spatia
413 1896 573 1954 terrarum
605 1894 638 1953 et
668 1894 702 1953 te
730 1889 886 1955 insciente
918 1912 1015 1975 saepe
1046 1896 1153 1957 tecum

92 2003 120 2044 11
135 1983 192 2043 111.
238 1977 348 2062 itaque
370 1999 437 2042 non
461 2000 522 2064 ego
546 1981 578 2042 te
601 1999 734 2062 prorsus
758 2000 858 2044 careo.
899 2001 975 2043 nam
999 1979 1027 2044 si
1046 1981 1155 2046 minus

134 2089 297 2152 sermone,
320 2067 475 2151 adspectu
498 2070 584 2131 certe
607 2071 664 2131 tuo
688 2067 791 2152 fruor,
815 2067 892 2131 dum
915 2068 953 2132 de
977 2071 1011 2132 te
1033 2069 1154 2155 cogito.

136 2157 222 2242 quod
251 2155 278 2221 si
306 2155 479 2241 aliquando
508 2155 695 2243 contigerit,
721 2160 759 2220 ut
782 2156 881 2221 etiam
909 2178 1059 2221 sermone
1081 2180 1154 2242 pos-

136 2246 206 2331 sim,
229 2267 289 2310 nae
313 2268 374 2331 ego
398 2244 650 2311 collocutionum
677 2249 862 2310 nostrarum
889 2244 1032 2309 fructum
1055 2245 1156 2311 inter-

135 2332 223 2396 uallo
256 2333 414 2416 temporis
446 2334 601 2398 amissum
628 2333 675 2397 ita
702 2337 858 2417 repetam,
894 2337 931 2398 ut
962 2354 1002 2397 ne
1036 2334 1156 2400 studiis

95 2444 122 2485 11
137 2419 267 2504 quidem
290 2441 421 2503 parcam
444 2421 519 2505 tuis,
542 2421 576 2484 in
600 2420 719 2503 quibus
742 2420 837 2484 audio
856 2425 889 2485 te
907 2427 982 2507 post
1004 2426 1155 2488 nostrum

135 2507 311 2572 discessum
329 2529 447 2593 magna
466 2507 622 2591 quaedam
641 2507 792 2572 effecisse.
831 2507 935 2593 Caput
955 2510 1053 2574 etiam
1072 2511 1155 2576 illud

134 2596 317 2660 litterarum
344 2599 474 2659 tuarum
503 2594 680 2659 Oardinalis
707 2593 863 2662 Accoltus
890 2598 971 2663 mihi
999 2600 1153 2684 ostendit,

134 2684 169 2747 in
194 2705 258 2766 quo
282 2684 329 2747 ita
352 2683 509 2766 scriptum
532 2687 595 2768 est,
618 2683 755 2769 paginas
778 2689 811 2750 te
836 2687 964 2751 circiter
986 2687 1155 2775 octingen-

135 2776 185 2836 tas
218 2770 283 2834 iam
320 2770 507 2855 impleuisse
545 2772 872 2841 commentationibus
909 2775 963 2859 iis,
1001 2798 1083 2860 quas
1119 2777 1155 2841 in

95 2885 123 2925 eo
136 2859 371 2925 Pandectarum
401 2859 504 2923 libros
536 2860 629 2925 texis.
679 2866 759 2946 puto
791 2865 902 2951 magni
928 2864 1051 2929 laboris
1085 2887 1156 2930 esse

135 2969 335 3036 magnaeque
359 2946 568 3035 difficultatis,
591 2949 648 3015 sed
671 2950 698 3015 si
723 2953 953 3038 considerabis,
978 2975 1061 3036 quae
1089 2953 1154 3018 tibi

137 3038 281 3121 praemia
310 3036 479 3122 proposita
507 3037 586 3125 sint,
614 3039 726 3105 uinces
755 3043 869 3107 omnia.
915 3041 1000 3125 petis
1024 3041 1154 3107 immor·

137 3124 306 3209 talitatem,
330 3147 427 3209 quam
449 3126 545 3193 multi
568 3133 761 3214 sequuntur,
783 3134 820 3193 tu
842 3129 906 3192 iam
928 3150 1029 3214 paene
1053 3131 1155 3195 mani-

137 3212 199 3276 bus
223 3214 456 3297 apprehensam
478 3221 577 3281 tenes.
622 3216 712 3282 Vale.
737 3215 929 3300 [MCXLI?].

537 3428 748 3439 ...-—--—-·-
