2400 3922
108 152 173 218 108
450 149 547 204 111111.
569 149 614 202 aa
632 146 715 202 rium
728 147 777 204 11.

108 315 210 380 uitam
224 313 310 377 idem
329 311 373 378 sit
386 317 500 397 optare
517 310 614 376 nobis
632 315 826 394 perpetuam
840 309 1038 376 felicitatem.
1064 329 1109 373 neo

108 424 186 468 uero
209 402 360 486 cuiquam
383 402 470 466 bono
500 400 571 465 uiro
594 399 676 463 tanti
700 403 750 463 est
766 398 904 463 huiusce
922 398 1005 463 lueis
1022 420 1110 481 usura,

109 492 189 576 quin
212 491 252 555 de
274 512 332 555 sue
356 491 534 554 detractum
556 487 679 571 aliquid
697 487 766 551 uita
788 487 941 574 libenter,
965 487 993 552 si
1015 487 1110 571 possit,

110 581 145 645 in
163 585 253 644 tuam
272 579 423 644 conferat.
456 576 682 660 sedquoniam
700 576 761 640 hac
778 574 852 660 lege
871 576 936 641 huc
955 598 1061 640 omnes
1076 575 1112 638 in·

83 669 284 755 egredimur,
307 671 343 730 ut
366 664 537 748 aliquando
561 663 771 750 discedamus,
794 686 854 729 nee
877 664 954 729 licet
977 663 1112 729 nobisin

110 764 143 821 te
167 779 230 821 uno
249 754 443 839 singularem
466 751 684 817 condicionem
703 775 763 837 pro
782 757 840 817 tua
858 752 1017 839 singulari
1035 753 1114 816 bene
1160 822 1164 825 ,

110 845 238 908 fidentia
260 842 438 927 postulare,
465 841 593 924 saltem,
621 844 658 904 ut
682 840 962 924 quamdiutissime
985 845 1018 906 te
1040 861 1115 925 prae

110 937 201 996 sente
223 931 441 1014 perfruamur,
465 933 498 993 et
525 929 668 1014 petimus
696 951 715 993 a
738 928 808 994 Deo
833 930 1001 1014 supplices
1029 934 1059 994 et
1077 929 1115 992 f-

109 1024 219 1083 turum
241 1040 302 1102 pro
325 1039 451 1082 summa
474 1017 543 1082 eius
566 1040 644 1104 erga
660 1040 721 1082 nos
739 1018 912 1082 clementia
930 1018 1116 1084 confidimus.

70 1131 97 1171 ro
110 1128 229 1192 magna
251 1106 337 1170 enim
360 1111 450 1190 sunt,
478 1129 560 1191 quae
579 1107 643 1170 iam
666 1106 838 1191 inchoasti,
865 1107 992 1172 maiora
1014 1111 1117 1189 tamen,

109 1215 191 1279 quae
213 1199 321 1260 mente
345 1195 503 1281 designas.
548 1195 631 1258 nihil
654 1195 788 1280 uulgare
810 1195 945 1282 cogitas,
969 1195 1052 1260 nihil
1071 1195 1120 1258 hu·

110 1283 200 1369 mile,
231 1283 314 1346 nihil
346 1288 529 1369 angustum.
579 1282 704 1347 metiris
741 1283 849 1346 omnia
880 1289 939 1348 tua
974 1283 1119 1371 dignitate

109 1371 221 1455 potius
253 1393 351 1456 quam
386 1370 611 1436 communibus
639 1371 804 1453 exemplis.
826 1405 827 1408 ¹
850 1372 1032 1457 praeclare,
1064 1393 1121 1436 non
1164 1435 1166 1457 ,

111 1460 197 1524 enim
215 1460 406 1526 Pontificiae
428 1460 540 1525 leudes
562 1460 597 1523 in
615 1459 837 1524 mediocritate
862 1466 1049 1545 uersentur3
1070 1481 1121 1524 nec
1163 1479 1166 1493 ·

73 1573 99 1612 rs
113 1549 213 1634 decet,
235 1550 292 1634 qui
315 1553 478 1634 potestate
503 1553 536 1613 et
552 1536 676 1613 honore
695 1548 818 1613 cunetis
836 1548 1027 1614 hominibus
1046 1553 1123 1614 ante

112 1638 221 1723 cellat,
253 1661 327 1703 eum
358 1638 400 1702 ab
433 1638 500 1702 ullo
531 1637 661 1702 homine
693 1641 779 1700 recte
807 1637 925 1722 agendi
953 1637 1125 1721 cupiditate

113 1727 285 1809 studioque
312 1727 467 1809 superari.
512 1724 551 1788 In
578 1730 610 1788 te
634 1725 748 1810 igitur,
774 1725 928 1789 Pontifex
951 1725 1039 1791 Max.
1067 1725 1125 1810 pri-

112 1835 200 1876 mum
234 1814 370 1877 tuendae
402 1817 499 1897 atque
528 1813 773 1895 amplificandae
800 1813 983 1900 religionis,
1018 1813 1126 1878 deinde

112 1901 181 1962 eius
209 1900 268 1962 otii
300 1899 523 1986 conseruandi,
555 1900 646 1964 cuius
684 1905 796 1965 auctor
827 1906 860 1965 et
895 1907 1006 1967 custos
1039 1908 1130 1967 antea

72 2012 99 2052 ao
112 1987 213 2074 fuisti,
236 1987 299 2051 sita
322 1988 426 2052 omnis
449 2010 524 2072 spes
547 1993 604 2052 est.
650 2010 669 2051 e
692 1993 725 2053 te
748 1989 885 2054 honesta
908 1991 1031 2078 studia,
1059 1995 1130 2054 ate

113 2076 266 2142 liberales
293 2076 494 2163 disciplinae,
521 2099 541 2141 a
567 2081 600 2141 te
628 2076 700 2161 ipsa
727 2077 831 2141 uirtus
855 2085 1046 2144 ornamenta
1075 2101 1130 2144 sua

113 2167 241 2252 repetit.
287 2172 338 2252 tu,
370 2166 456 2251 quod
482 2166 561 2231 facis
593 2171 626 2231 et
657 2166 763 2230 fecisti
796 2167 939 2252 egregie,
973 2173 1130 2252 perpetuo

113 2257 221 2339 facies,
245 2261 281 2320 ut
305 2278 415 2320 omnes
434 2260 548 2342 gentes
571 2255 722 2319 diuturna
740 2276 828 2339 pace,
851 2255 986 2341 iustitia,
1010 2258 1132 2341 pietate

113 2343 238 2428 foueaS,
268 2345 383 2408 urbem
405 2344 542 2408 Romam
570 2344 724 2426 operibus
747 2343 1078 2428 magnificentissimis
1101 2349 1134 2409 et

73 2454 99 2493 as
113 2450 186 2492 cum
215 2431 286 2513 ipsa
315 2430 508 2513 antiquitate
539 2432 761 2512 comparandis
789 2453 938 2518 exorneS,
966 2433 1132 2497 ciuitatem

112 2515 161 2578 tui
195 2517 476 2600 studiosissimam,
504 2517 707 2598 superiorum
735 2523 919 2603 temporum
943 2521 1134 2586 calamitati·

113 2603 176 2666 bus
207 2605 360 2667 afflictam
395 2608 555 2685 perpetua
588 2604 791 2690 benignitate
824 2630 961 2694 recrees,
995 2610 1136 2694 denique

113 2690 210 2755 tollas
238 2691 409 2775 aliquando
433 2713 472 2754 ex
500 2691 726 2776 imperitorum
754 2695 870 2761 animis
894 2696 1133 2763 dubitationem

114 2778 212 2864 illam,
227 2801 308 2863 quae
323 2779 498 2842 laudabilia
512 2781 689 2847 multorum
700 2784 805 2848 studia
820 2790 1009 2872 remoratur,
1023 2792 1134 2852 utrum

74 2894 101 2933 eo
115 2891 166 2934 res
189 2869 344 2933 maximas
367 2868 498 2932 fortuna
520 2871 626 2954 possit
653 2872 722 2937 sine
750 2873 871 2938 uirtute
895 2875 1065 2961 perficere,
1092 2897 1133 2938 an

115 2958 229 3043 uirtus,
252 2979 315 3042 quo
339 2958 520 3042 contendat,
544 2960 612 3025 sine
635 2961 766 3026 fortuna
788 2962 966 3047 peruenire.
1009 2964 1049 3027 de
1069 2985 1135 3047 quo

115 3047 193 3129 quid
207 3046 342 3111 sentires
360 3046 444 3133 ipse,
459 3050 601 3113 ostendit
621 3050 825 3132 iampridem
844 3051 930 3114 uitae
946 3055 1022 3115 tuae
1036 3052 1134 3135 rati03

113 3155 211 3218 nuno,
239 3138 275 3198 ut
303 3156 413 3199 omnes
441 3136 526 3201 idem
549 3139 703 3222 sentiant,
734 3137 827 3201 facile
855 3160 938 3202 unus
966 3145 1133 3224 praestare

113 3224 207 3304 potes
229 3222 380 3288 restitute
399 3224 439 3289 iis
457 3226 583 3290 artibus
602 3225 768 3311 dignitate,
791 3247 871 3308 quae
895 3232 927 3289 te
946 3228 1047 3293 talem
1066 3234 1136 3293 tan·

74 3333 99 3373 es
113 3314 247 3393 tumque
274 3312 432 3400 fecerunt,
459 3320 509 3399 ut,
533 3314 642 3397 quales
670 3313 759 3395 ipsae
783 3318 985 3398 quantaeque
1017 3321 1135 3402 essent,

114 3421 176 3482 ope
191 3404 247 3463 tua
261 3401 431 3486 studioque
447 3425 557 3467 omnes
571 3400 722 3464 mortales
736 3400 963 3486 intelligerent.
995 3405 1134 3487 [Romae

114 3487 291 3572 unum]
