2400 3922
405 107 502 165 XLVI.
523 107 653 165 Andreae
673 107 771 182 Siluio
1053 110 1096 176 95

30 274 131 334 tua
159 268 225 337 etsi
252 268 398 336 delector
425 269 578 355 maxime,
605 274 727 356 tamen,
755 292 812 336 our
829 275 921 371 utar,
948 292 1014 345 non
1037 277 1096 358 est,

30 402 32 413 ·
30 380 148 460 eum
167 356 337 433 officinam
360 357 439 431 satis
456 357 619 443 amploet
637 359 838 460 pereleganti
846 358 952 435 huius
967 361 1097 446 generis

30 445 172 547 sseopia
194 447 325 534 magnis
348 446 414 512 iam
436 451 547 531 sumpt
533 446 623 519 tibus
644 445 862 522 instruxerim
899 447 962 512 tibi
980 453 1097 533 tamen,

81 535 154 620 quia
182 535 225 600 de
252 536 421 601 commodo
449 557 521 601 meo
548 539 605 605 tua
628 540 744 620 sponte
772 535 979 622 cogitaueris,
1011 538 1098 638 quod

41 623 145 691 &sine
169 644 299 700 summo
323 645 401 710 erge
423 645 474 689 me
496 646 605 689 amore
627 624 697 695 fieri
720 625 866 709 profecto
889 646 956 691 non
978 626 1137 709 potuita

30 762 40 853 ,
79 733 179 797 aeque
203 711 324 814 debeo,
349 734 388 777 ac
416 712 444 778 si
470 735 539 777 rem
567 712 711 785 omnium
733 713 907 784 maximam
930 734 1001 788 meo
1015 735 1099 814 ,per-

78 800 259 876 necessario
282 805 430 885 tempore
453 800 631 868 detulisses
678 800 813 884 quod
788 824 815 866 ιι
838 824 857 866 a
879 823 930 876 me
945 801 1045 886 paria
1062 824 1099 868 ac

70 888 182 955 multo
207 888 308 965 etiam
331 889 597 974 praestantiora'
587 912 623 953 ιιι
645 889 797 955 omnibus
820 891 933 975 rebus,
955 912 1035 975 quas
1058 891 1099 955 ad

30 988 36 995 ’
80 981 153 1043 tuae
175 977 284 1043 laudis
306 977 422 1062 tuique
445 977 605 1053 commodi
627 982 755 1061 partem
772 978 914 1063 aliquam
936 979 1098 1063 pertinere

304 1065 412 1131 studia
433 1071 467 1132 et
491 1065 614 1139 officia
621 1067 838 1151 exspectabis,
864 1088 1043 1167 numquam
1065 1072 1098 1134 te
1113 1094 1139 1133 ro

30 1154 42 1221 3·
79 1153 198 1229 fallam.
245 1117 346 1237 atque
367 1154 464 1220 huius
487 1154 617 1238 quidem
634 1158 756 1228 testem
778 1155 943 1239 promissi
940 1160 984 1220 ιι
1005 1156 1098 1256 quasi

65 1241 150 1321 ,loco
182 1242 340 1327 foederis,
371 1243 458 1327 quod
489 1265 508 1306 a
539 1265 590 1307 me
623 1243 738 1308 uiolari
769 1265 948 1327 numquam
984 1244 1099 1328 patiar,

30 1322 37 1345 ”
79 1330 163 1396 banc
186 1353 258 1396 esse
281 1294 370 1415 apird
390 1335 424 1396 te
447 1331 619 1415 epistolam
642 1331 726 1396 uolo.
764 1331 934 1398 Camillum
955 1332 1099 1398 Palaeot·

70 1423 160 1520 tum,
183 1419 278 1484 cuius
301 1420 512 1485 excellentem
539 1419 773 1487 humanitatem
801 1421 1004 1495 coniunctam
1027 1420 1099 1504 pari

79 1506 203 1573 ιιιιιιιιι
221 1528 289 1572 non
307 1506 422 1573 dubito
445 1507 525 1592 quin
547 1507 710 1591 praeclare
733 1509 896 1594 cognitam
913 1509 1099 1591 habeas,et
1066 1531 1139 1574 ιιι

79 1615 285 1663 communem
317 1595 469 1681 amicum,
500 1595 635 1682 dignum
660 1597 799 1663 Romulo
827 1600 960 1696 parente
987 1596 1099 1681 filium,

79 1681 281 1768 Pompilium
313 1648 507 1750 Amasaedm
536 1706 623 1785 ,rogo
656 1690 689 1749 te
725 1684 810 1749 salut
796 1688 845 1750 tes
877 1683 957 1748 meis
989 1683 1100 1748 uerbis

80 1771 264 1859 diligenter.
310 1772 400 1838 Vale.
427 1772 554 1838 Venet'
518 1777 573 1838 tus
597 1771 773 1857 [MDLXI]

487 2004 701 2014 ——-.

538 2194 649 2260 XLVI.

255 2335 429 2401 Andreae
452 2335 576 2402 Siluio
599 2335 785 2401 Venetiae
816 2344 877 2414 (VI,
895 2345 926 2410 ⁷).
1114 2361 1139 2400 ιο

172 2478 240 2543 Vix
264 2477 449 2563 credas,m1
440 2477 447 2489 ‘
473 2476 568 2560 silui,
596 2498 813 2562 quamsaepe
841 2477 875 2541 in
878 2476 1024 2578 ,magnis
1048 2500 1100 2542 oc-

83 2566 355 2666 cupationibust
356 2587 456 2667 angar
475 2564 665 2631 desideriot
652 2566 709 2631 tui.
745 2588 812 2630 non
835 2565 921 2630 enim
942 2571 1017 2631 tuae
1032 2588 1101 2631 sua-

82 2655 212 2737 uiuus,
235 2676 302 2718 non
324 2653 460 2740 ingenii,
489 2675 556 2718 non
579 2653 677 2718 etiam
700 2653 865 2737 pudoris
856 2655 1003 2741 mgenui,
1036 2676 1100 2738 quo

83 2704 261 2808 delectdr
252 2765 286 2806 ιιι
309 2742 436 2826 primis,
465 2741 648 2826 exemplum
672 2740 765 2807 facile
788 2743 923 2826 reperio.
969 2764 1101 2807 moueor

83 2831 184 2899 etiam
208 2829 368 2914 promisso
386 2830 443 2895 illo
462 2834 520 2895 tuo
543 2829 821 2914 interpretationis
834 2830 948 2896 Horat
924 2835 1039 2913 tranae,
1062 2830 1100 2893 de
1115 2853 1141 2893 ι

83 2941 150 3004 qua
172 2924 207 2984 te
231 2919 346 2985 absent
331 2923 399 2985 tem
420 2917 582 2985 interdum
599 2920 770 2985 admonere
789 2940 932 3019 possum,
954 2938 1101 3001 p·raesen

85 3013 153 3074 tem
182 3011 264 3108 quot
250 3006 329 3071 tidie
352 3007 555 3108 appellarem
582 3030 619 3073 ac
647 3008 738 3093 quasi
761 3006 907 3073 conuicio
931 3005 1101 3157 exigerem

86 3097 160 3198 quis
183 3096 281 3181 enim,
305 3096 361 3196 qui
384 3096 423 3160 de
446 3100 523 3179 poet
524 3096 552 3160 is
509 3096 665 3161 tmodo
685 3096 825 3161 iudicare
844 3092 966 3178 aliquid
981 3092 1103 3194 possit,

86 3186 142 3250 uni
170 3185 258 3250 inter
284 3184 342 3248 Ιιι
317 3188 403 3249 tmos
431 3206 543 3250 omnes
564 3184 701 3249 Horatio
729 3183 783 3250 uel
810 3182 955 3248 acumine
979 3181 1101 3284 ingenii

87 3272 139 3337 uel
161 3272 398 3339 sententiarum
421 3272 582 3359 grauitate
605 3273 746 3357 palmam
768 3276 871 3338 nont
857 3270 996 3337 tribuit?
1029 3271 1101 3356 quis
1116 3291 1141 3331 ιο

86 3360 189 3447 igitur
216 3384 283 3427 non
310 3382 506 3462 magnopere
533 3366 662 3426 tuarum
692 3360 852 3426 lucubrat
828 3365 954 3426 t1onum
981 3358 1101 3443 cupidi-

70 3454 153 3516 tate
186 3449 358 3534 capiatur?
394 3448 520 3514 dixeras
552 3449 700 3515 uellate
732 3449 853 3532 omnia,
884 3470 965 3545 quae
997 3448 1052 3547 ille
1084 3468 1102 3508 ι
