2430 3922
152 160 197 224 50
491 154 576 210 XXII.
603 153 695 208 Mario
713 152 831 208 Nizolio.

153 341 285 404 caperes
325 341 396 385 eam
427 317 568 400 leudem,
605 338 686 401 quae
719 316 782 380 tibi
814 314 950 380 debetur
981 314 1101 380 iudicio
1134 337 1170 380 ac

152 408 340 474 testimonio
364 406 600 491 praestantium
633 405 785 470 uirorum.
836 402 923 488 quod
951 403 979 467 si
1002 408 1035 467 te
1059 404 1171 469 cohor·

143 497 252 562 >tando
282 519 413 581 possem
442 496 611 578 adducere,
644 498 680 557 ut
709 494 747 557 de
775 491 968 575 migratione
997 491 1170 578 cogitares:

154 586 347 673 aggrederer
384 589 417 650 et
449 584 485 648 in
515 583 599 647 hanc
629 581 788 646 rationem
820 584 908 645 totus
940 580 1169 645 incumberem.

115 698 140 737 ,5
154 697 267 739 uerum
289 695 394 757 neque
418 672 498 736 mihi
522 672 560 735 de
584 674 803 735 staturarum
826 674 955 750 tuarum
978 673 1106 735 constat
1129 674 1171 754 et,

155 764 182 828 si
206 762 427 829 cohortatione
451 759 575 825 moueri
602 763 709 843 potes,
736 758 808 842 ipsa
835 763 868 822 te
891 779 943 822 res
965 778 1170 842 nequaquam

143 852 226 934 tibi,
248 855 285 916 ut
308 850 434 934 opinor,
458 849 594 913 obscura
617 846 670 912 uel
693 870 744 911 me
764 850 889 911 tacente
909 846 1006 912 debet
1024 845 1168 912 incitare.

140 938 246 1017 ·Quod
278 939 358 1003 scire
390 937 441 1002 uis
480 937 520 1001 de
552 936 633 1001 meis
664 934 929 1019 antiquitatibus,
965 935 1044 1000 haec
1082 940 1169 1000 sunt:

153 1028 238 1091 liber
266 1049 352 1090 nunc
383 1024 581 1108 imprimitur
606 1025 645 1088 de
675 1024 818 1110 legibus,
854 1045 964 1108 quem,
1002 1043 1076 1087 cum
1109 1024 1169 1088 erit

113 1140 140 1180 10
153 1114 337 1199 absolutus,
360 1114 480 1179 curabo
504 1113 545 1177 ad
567 1117 599 1177 te
619 1112 852 1196 perferendum.
894 1111 979 1176 edidi
1001 1111 1068 1176 iam
1086 1134 1169 1177 com·

152 1203 347 1268 monterium
365 1202 400 1267 in
418 1201 598 1266 orationem
616 1223 676 1284 pro
694 1200 804 1265 Sextio
824 1204 857 1264 et
876 1200 1034 1283 proximis
1054 1200 1169 1283 diebus

152 1293 188 1356 in
207 1291 361 1375 epistolas
380 1290 421 1355 ad
438 1290 578 1354 Brutum
597 1294 629 1353 et
647 1290 688 1355 ad
706 1288 880 1365 Quinctum
898 1289 1040 1353 fratrem.
1074 1311 1169 1372 quem

152 1380 216 1444 tibi
238 1383 325 1444 nunc
348 1384 521 1462 utrumque
544 1378 650 1447 mitte.
691 1376 813 1442 maiora
836 1377 954 1441 uellem
977 1381 1009 1441 et
1031 1377 1169 1442 fortasse

152 1491 295 1553 possem3
331 1490 445 1532 uerum
477 1466 649 1531 infirmitas
682 1465 829 1549 corporis
860 1465 952 1549 facit,
988 1469 1025 1529 ut
1058 1464 1168 1530 labore

113 1583 139 1623 15
153 1556 313 1641 debiliter,
335 1555 501 1640 lippitudo
521 1560 638 1639 autem,
661 1577 701 1618 ne
721 1554 829 1640 legere
854 1553 975 1618 diutius
993 1553 1091 1618 Eceat
1113 1558 1168 1618 aut

152 1646 301 1711 seribere.
352 1666 504 1731 magnam
534 1643 632 1708 etiam
661 1642 742 1707 mihi
770 1642 927 1725 temporis
955 1646 1084 1726 partem
1111 1642 1167 1706 eri-

152 1735 248 1819 piunt
276 1732 487 1798 salutationes
515 1732 705 1814 amicorum,
735 1753 886 1817 magnam
913 1729 1089 1795 domestica
1116 1753 1168 1795 ne·

141 1823 252 1909 gotia,
276 1826 426 1887 sexcenta
449 1825 624 1904 praeterea,
654 1841 734 1903 quae
758 1842 809 1883 me
833 1841 851 1883 a
875 1819 990 1885 studiis
1014 1818 1166 1884 auellunt.

140 1910 209 1975 -sed
231 1910 384 1975 feramus:
410 1909 552 1973 humana
578 1912 655 1972 sunt
677 1929 737 1971 nec
760 1907 933 1992 praecipue
955 1912 1081 1992 nostra,
1109 1907 1164 1972 sed

112 2027 138 2067 so
153 1998 336 2063 communia
358 2021 432 2063 cum
454 1997 574 2062 multis.
611 1996 661 2061 Tu
683 2018 734 2059 me
758 1996 857 2061 uelim
880 2019 967 2061 ames
991 2001 1033 2079 ct,
1057 1996 1085 2061 si
1108 2018 1166 2079 par

152 2087 225 2171 pari
248 2088 366 2152 referre
390 2086 453 2170 uie,
484 2107 591 2150 amore
618 2106 684 2148 non
712 2084 848 2170 uulgari.
894 2084 990 2168 Vale,
1012 2083 1167 2150 Venetiis.

153 2174 345 2260 [MDLVH]

553 2343 766 2353 —-——

612 2557 713 2625 XXII.

343 2702 468 2767 Mario
495 2701 649 2768 Nizolio
678 2702 850 2767 Parmam
878 2711 888 2778 (
921 2712 979 2781 ,3).
1206 2684 1212 2817 ἔ

115 2872 142 2913 25
245 2842 396 2928 Epistola
427 2846 497 2926 tua,
528 2844 573 2907 mi
605 2842 726 2927 Nizoli,
762 2847 800 2907 ut
834 2843 928 2907 amici
960 2843 1103 2908 hominis
1134 2864 1167 2906 ac
1205 2842 1212 2897 l

155 2933 364 2998 uehementer
393 2931 535 3018 amandi,
565 2954 690 2996 summa
719 2954 770 2996 me
801 2932 971 3015 uoluptate
999 2932 1108 2997 affecit
1134 2952 1168 2994 ac

154 3043 260 3087 meam
289 3021 498 3086 uehementer
526 3020 669 3086 incendit
700 3019 911 3104 cupiditatem
938 3020 1090 3085 Parmam
1119 3019 1167 3084 ad-

155 3110 260 3175 eundi.
305 3131 371 3175 non
395 3109 482 3192 quod
508 3109 588 3174 urbs
615 3113 672 3174 aut
694 3109 786 3174 urbis
814 3113 1002 3174 ornamenta
1029 3133 1082 3174 me
1106 3131 1167 3174 mo·

246 3305 280 3354 10
298 3300 604 3382 poste‘perferendum'
629 3299 777 3382 inprims
795 3299 926 3383 editione·
938 3301 1104 3383 legebatur:
1128 3315 1168 3356 sc·
1204 3314 1211 3321 ’

156 3371 260 3439 quatur
274 3370 309 3424 de
324 3373 442 3426 mostata
456 3373 506 3425 aut
521 3370 556 3426 de
571 3374 700 3438 com1t11s;
715 3372 778 3425 tum
791 3371 893 3441 reliqui
907 3371 981 3440 hbn‚
996 3374 1029 3426 ut
1044 3374 1167 3427 extrema

156 3440 257 3567 suffla
275 3457 385 3566 monup1
394 3441 433 3495 im
454 3444 561 3496 onetur.
592 3444 665 3524 'sunt
683 3441 760 3497 enim
778 3458 873 3498 omnes
893 3443 1004 3514 decem,
1027 3459 1082 3499 nec
1100 3440 1169 3498 mihi

155 3529 187 3567 or
239 3529 284 3568 em
301 3530 332 3567 111
350 3528 365 3567 e
386 3529 422 3568 en
442 3530 458 3569 o
476 3529 654 3584 praescripsi.
