2400 3922
520 160 736 224 ..70-

121 330 228 388 timore
262 342 423 404 numquam
456 330 627 402 temptetur.
674 320 732 392 Qui
764 339 834 382 cum
867 319 994 402 accidit,
1027 339 1139 382 summo

121 416 258 476 cruciatu
286 414 322 475 ad
350 420 477 473 mortem
504 429 555 472 eos
578 409 733 491 conpellit,
761 428 837 490 quos
866 408 905 470 ob
933 419 1005 472 ante
1034 409 1140 471 dictam

122 522 242 565 causam
265 497 457 582 ὑδροφόβους
476 499 582 560 Graeci
606 498 762 578 appellant.
804 497 839 559 ln
862 501 928 578 ipsa
952 507 1057 560 autem
1079 518 1140 561 333·

122 595 258 671 33331333
283 593 327 652 331
350 596 468 669 3333333
494 607 541 670 33,
565 587 630 649 data
654 607 722 648 cum
745 605 831 648 rosae
852 587 968 668 cyathis
993 587 1091 649 tribus
1113 597 1141 650 et

87 694 103 742 o
123 699 229 760 exigua
251 698 328 759 aqua
350 678 483 757 pondere
502 676 568 737 111.
609 675 673 737 Η33
697 677 829 757 prolicit,
852 683 889 736 ut
912 694 1023 757 aquam
1040 685 1140 757 postea

123 773 187 831 sine
212 771 319 831 timore
348 775 479 847 3333333,
508 774 538 826 31
567 766 665 826 minus
689 765 811 845 quidem
838 763 961 826 liberati
988 765 1140 827 13331111-

122 857 233 919 cultate
266 846 452 935 3333133333;
485 862 620 915 ceterum
652 872 740 915 nemo
768 853 866 915 adhuc
896 862 1058 934 correptus
1087 854 1139 915 hoc

123 946 209 1024 malo,
237 952 382 1023 quantum
406 961 461 1020 333
485 944 558 1022 3313,
586 942 742 1021 expeditus
765 949 820 1003 est.
862 940 1054 1023 Quamquam
1075 961 1138 1023 333-

122 1035 202 1093 venit
225 1032 262 1093 ad
285 1049 333 1092 mc
357 1033 458 1110 opinio
482 1049 548 1092 3333
573 1033 604 1092 13
629 1031 726 1092 133313
750 1030 839 1092 Creta
862 1029 1029 1092 barbarum
1052 1050 1138 1113 quen·

69 1135 102 1184 10
122 1121 189 1181 dam
212 1120 366 1199 naufragio
386 1118 544 1199 adpulsum
567 1122 710 1180 maiorem
734 1128 806 1180 natu
829 1118 952 1197 publice
973 1120 1137 1182 mercedem

122 1210 328 1289 accipientem.
366 1207 445 1279 Quin
469 1211 558 1271 etiam
577 1226 646 1270 cum
669 1208 817 1287 liquorem
840 1210 949 1269 timent
969 1216 1001 1271 33
1019 1209 1137 1272 13333133

122 1299 216 1360 edunt
235 1316 413 1378 spasmoque
432 1306 586 1373 vexantur,
609 1297 777 1358 remedium
795 1295 918 1358 brachio
939 1300 1064 1360 sinistro
1082 1297 1137 1358 alli-

122 1395 226 1466 gatum
259 1387 392 1464 31113333,
426 1394 460 1448 33
487 1396 517 1448 31
549 1389 701 1466 potionem
734 1387 881 1465 333131333
911 1393 943 1447 33
975 1386 1138 1449 liberentur

122 1479 205 1557 31313,
228 1475 309 1554 quod
333 1475 429 1536 adhuc
454 1484 521 1536 ante
545 1475 711 1537 antidotum
731 1474 809 1535 Celsi
832 1476 914 1536 inter
932 1493 1040 1537 omnes
1059 1477 1137 1556 qnasi

70 1578 102 1627 15
122 1562 284 1625 insanabile
309 1565 452 1624 constitit.

212 1651 351 1713 CLXXII.
391 1651 455 1712 Hoc
483 1671 537 1731 333
562 1670 629 1712 cum
658 1669 832 1731 quaererem
862 1651 898 1712 ab
926 1651 1048 1732 hospite
1075 1670 1136 1714 meo

122 1741 218 1818 legato
237 1741 307 1801 inde
330 1743 421 1801 misso
441 1743 561 1801 nomine
580 1739 694 1820 Zopyro
712 1740 898 1819 Gortynensc
917 1740 1045 1823 medico,
1070 1740 1135 1821 quid

123 1835 216 1907 esset,
243 1846 298 1906 pro
326 1845 433 1906 magno
462 1846 586 1889 mernere
615 1831 725 1908 accepi.
771 1829 851 1890 111313
879 1835 980 1890 autem
1010 1830 1135 1910 hyaenae

123 1917 197 1976 corii
223 1915 402 1995 particulam
429 1934 496 1977 esse
525 1935 623 1996 panno
645 1917 805 1997 inligatam.
852 1916 940 1988 Quod
963 1937 1020 1998 ego
1044 1918 1135 1979 adhue

69 2020 103 2069 20
123 2023 182 2065 non
206 2023 273 2065 sum
293 2012 445 2086 expertus,
468 2009 602 2085 quamvis
621 2008 760 2086 protinus
778 2024 885 2084 magna
904 2024 978 2067 cura
997 2007 1135 2087 hyaenam

121 2096 287 2155 invenerim
308 2101 338 2155 31
360 2093 468 2173 pellem
491 2103 624 2174 paratam
646 2094 780 2176 habeam,
804 2096 873 2174 quia
896 2113 957 2156 non
980 2097 1087 2157 incidit
1104 2115 1136 2157 ex

123 2202 157 2243 eo
179 2185 351 2283 quisquam,
375 2192 405 2244 et
424 2191 492 2263 opto
513 2185 635 2262 quidem
658 2203 695 2245 ne
714 2183 838 2265 incidat,
863 2183 916 2244 sed
936 2186 1008 2264 quia
1026 2186 1057 2247 id
1081 2203 1135 2246 non

123 2270 219 2333 estin
238 2283 341 2334 nostra
360 2281 517 2355 potestate,
537 2276 563 2334 si
581 2291 652 2334 casu
670 2273 824 2353 inciderit,
843 2272 1012 2335 remedium
1030 2273 1135 2336 habere

124 2368 242 2437 oportet
267 2362 304 2421 ad
327 2369 425 2423 333333
449 2364 495 2422 331
518 2365 764 2440 experimentum.

69 2463 103 2512 25
213 2446 367 2508 CLXXIII.
404 2449 563 2509 Antidotus
587 2459 686 2511 autem
706 2450 784 2512 Celsi
806 2450 879 2512 13333
902 2412 1027 2531 recipit:
1050 2450 1136 2513 Nardi

124 2533 250 2636 Syriaci,
284 2537 378 2613 croci,
410 2553 544 2619 murrae,
572 2541 661 2619 costi,
690 2542 799 2642 casiae,
832 2541 975 2621 cinnami,
1009 2541 1136 2620 schoeni,

122 2623 235 2701 piperis
258 2621 330 2703 albi,
353 2625 467 2702 piperis
492 2585 584 2706 133131,
608 2629 749 2708 castorei,
773 2628 902 2709 galbani,
925 2630 1047 2690 resinae
1066 2639 1137 2691 tere·

123 2711 285 2790 binthinae,
310 2713 384 2793 opii,
408 2714 595 2794 singulorum
617 2715 690 2796 pli
713 2716 768 2798 111,
797 2716 900 2779 3133331
923 2716 983 2778 albi
1006 2716 1136 2799 31111,

124 2803 207 2863 33331
234 2821 262 2882 p.
282 2801 357 2883 111,
386 2805 445 2883 3311
468 2808 599 2886 seminis,
627 2806 824 2885 tragacanthi,
852 2805 1040 2885 singulorum
1067 2826 1095 2911 p.
1114 2804 1137 2866 i

69 2888 174 2972 3311,
207 2891 304 2953 mellis
332 2849 424 2954 dnici
452 2899 614 2957 sextarium
642 2914 748 2975 unum,
776 2896 837 2956 vini
864 2894 984 2956 Falerni
1010 2898 1136 2958 unciam.

123 2976 157 3037 ln
180 2979 238 3040 hoc
261 2991 430 3062 maceratur
453 2983 677 3084 33333333313333
701 2989 731 3041 33
755 2985 855 3062 opium
879 2984 989 3065 pridie,
1017 2994 1136 3089 3331333

124 3064 171 3124 die
187 3071 321 3130 contusis
336 3073 445 3132 ceteris
464 3074 629 3132 miscentur
647 3071 678 3128 13
698 3070 797 3153 melle,
817 3072 975 3151 galbanum
990 3081 1021 3134 et
1039 3076 1138 3136 resina

123 3151 207 3212 fictili
235 3157 343 3232 patella
367 3177 458 3237 super
481 3158 624 3219 carbones
648 3158 777 3236 inposita
800 3160 1001 3242 resolvuntur,
1030 3162 1163 3225 deinde.

195 3377 358 3443 bpondere
381 3395 440 3449 3333
469 3379 565 3448 3..οΒ
639 3383 1137 3458 6133333113333331333113133.

125 3449 157 3498 11
176 3445 284 3514 liquore
303 3446 339 3502 11.
394 3397 445 3502 912
465 3450 516 3504 alli
537 3452 615 3505 atum
634 3454 747 3522 scripsi.
766 3452 884 3522 31113313
904 3456 940 3511 11.
1014 3458 1138 3514 111133-

122 3463 660 3583 1333313Η313133133.11331333311.
734 3529 768 3579 26
789 3523 918 3592 Syriacae
938 3527 1038 3587 Aldus.
