2430 3922
384 161 479 218 XLIX.
498 163 544 217 Ad
560 162 644 217 Pium
662 162 708 218 IV.
1014 166 1056 230 99

35 323 167 387 tribuas
198 323 261 388 hoc
289 322 450 388 amicitiae
480 327 610 389 nostrae
643 330 676 389 et
709 325 865 409 aequitati
898 331 989 411 tuae,
1020 333 1058 391 ut

36 433 185 476 caussam
212 433 318 476 meam
349 413 436 496 apud
475 413 636 496 optimum
667 413 853 497 Principem
885 414 1058 502 diligenter

35 523 117 586 agas
146 499 240 584 eique
268 501 307 564 de
334 523 406 565 meo
435 523 530 566 sensu
559 505 591 566 et
619 501 725 566 studio
754 501 800 566 ita
829 502 926 567 fidem
948 504 1056 589 facias,

34 588 122 653 nihil
145 593 183 652 ut
206 588 271 652 sibi
295 593 362 652 tam
386 611 455 667 esse
479 589 623 654 deditum
647 589 780 674 sentiat,
804 611 901 673 quem
925 613 1057 675 operam

36 699 168 742 omnem
196 699 301 741 meam
329 682 426 762 atque
450 699 572 763 curam,
595 699 655 742 nec
677 678 773 742 malle
796 701 848 742 me
872 679 1083 764 quidquam,5

36 787 135 850 quarn
155 765 234 848 eius,
257 786 331 829 eum
344 766 476 849 possim,
495 767 632 850 obsequi
650 766 814 831 uoluntati
833 772 874 852 et,
898 789 971 832 cum
990 790 1057 832 non

35 854 175 939 possim,
199 854 408 918 uehementer
430 854 515 940 angi.
561 855 623 919 hoc
650 858 687 918 tu
711 877 786 919 cura
814 860 846 919 et
873 857 1005 939 perfice,
1029 857 1056 922 si

34 965 85 1007 me
109 942 207 1029 graui
230 964 306 1007 sane
330 943 557 1008 sollicitudinis
576 965 671 1007 onere
690 943 834 1008 leuatum
857 944 915 1008 uis.
952 944 1057 1028 facile,

35 1036 72 1095 ut
95 1031 229 1115 opinor,
257 1031 311 1095 uel
333 1031 518 1096 humanitas
546 1031 634 1095 illius
662 1032 715 1096 uel
742 1032 825 1096 ratio
856 1032 941 1117 ipsa,
970 1033 1056 1117 quod

34 1120 200 1204 cupimus,
227 1120 419 1203 impetrabit
435 1120 532 1205 idque
556 1142 575 1183 a
598 1124 639 1205 te,
661 1142 703 1183 ne
726 1120 837 1184 uidear
859 1120 1054 1186 humanitati
1069 1145 1095 1184 ro

33 1213 108 1272 tuae
135 1208 291 1293 diffidere,
314 1208 464 1291 pluribus
483 1208 593 1273 uerbis
612 1213 722 1291 petere
740 1231 806 1273 non
825 1209 937 1289 debeo.
964 1209 1055 1277 Vale.

32 1297 166 1362 Romae.
191 1295 276 1361 XVI.
299 1297 370 1361 Kal.
393 1296 523 1360 Ianuar.
547 1295 693 1361 MDLXI.

439 1565 651 1572 -.-..—--—-

490 1770 601 1837 XLIX.

171 1912 229 1978 Ad
252 1913 360 1978 Pium
382 1912 437 1977 IV.
483 1911 669 1977 Medicam
692 1910 799 1976 Pont.
823 1911 918 1976 Max.

75 2020 109 2086 in
136 2019 262 2084 librum
288 2018 460 2105 Reginaldi
487 2017 560 2083 Poli
588 2016 766 2082 (lardiflalis
795 2017 833 2082 de
863 2016 1005 2084 Concilio
1066 2043 1091 2084 15

430 2134 532 2200 (Praei.
547 2129 654 2195 XXIV).

119 2266 255 2352 Optime
279 2265 441 2331 consuluit
464 2263 627 2330 Ecclesiae
657 2285 733 2327 suae
755 2263 844 2327 Deus
873 2266 971 2346 atque
993 2263 1051 2326 hu-

40 2378 126 2421 mano
150 2354 264 2443 generi
292 2354 456 2438 uniuerso,
485 2375 559 2418 cum
587 2353 621 2417 in
648 2356 740 2416 tanta
768 2373 876 2416 rerum
907 2351 1051 2415 omnium

41 2443 280 2525 perturbatione
304 2447 336 2507 et
360 2442 497 2507 extremi
520 2442 585 2506 iam
608 2440 745 2525 periculi
773 2444 862 2504 metu
885 2439 1051 2504 Vicarium

10 2583 12 2596 .
44 2536 191 2618 tesuum,
214 2532 272 2596 Pie
285 2531 350 2614 IV„
372 2531 458 2596 inter
475 2530 622 2595 homines
641 2528 819 2613 constituit,
842 2532 880 2592 ut
899 2528 1049 2593 omnibus
1064 2554 1091 2593 ao

45 2621 123 2687 nelis
147 2620 323 2706 prudentia
345 2624 403 2684 tua
425 2620 607 2684 mederetur
628 2640 752 2702 nosque
776 2641 794 2681 a
817 2617 950 2681 summis
969 2617 1051 2681 diffi-

47 2709 211 2775 cultatibus
244 2708 297 2773 uel
324 2708 525 2792 impendenti
559 2706 670 2791 potius
701 2705 802 2770 exitio
835 2710 978 2789 ereptos,
1011 2706 1051 2769 ad

47 2816 189 2864 summam
213 2797 483 2881 tranquillitatem
502 2800 535 2860 et
553 2799 700 2879 optatam
718 2798 813 2858 antea
831 2794 935 2881 magis
953 2815 1050 2876 quam

48 2893 194 2967 speratam
218 2885 408 2950 felicitatem
429 2885 619 2949 traduceret.
664 2884 774 2967 itaque
796 2904 891 2966 nunc,
914 2881 979 2945 tuis
998 2881 1049 2944 ad-

49 2970 117 3040 ducti
147 2973 438 3061 praestantissimis
471 2978 505 3038 et
535 2971 678 3037 consiliis
710 2975 743 3035 et
771 2970 879 3052 factis,
909 2968 1048 3032 maxime
1062 2992 1088 3032 aa

49 3079 105 3129 uero
128 3070 187 3129 tua
210 3063 287 3128 freti
307 3062 440 3146 iustitia,
463 3084 544 3146 quae
563 3061 626 3125 tibi
645 3060 750 3143 prima
769 3063 802 3123 et
825 3055 1049 3139 antiquissima

50 3148 133 3219 uirtus
156 3157 210 3218 est
232 3151 361 3236 fuitque
385 3151 420 3215 in
438 3149 526 3215 omni
549 3150 626 3233 uita,
650 3148 728 3213 boni
752 3146 815 3212 uiri
834 3168 874 3209 ex
898 3144 1048 3209 omnibus

50 3232 139 3307 Iuliae
163 3241 318 3326 partibus
346 3244 443 3324 atque
468 3239 565 3303 etiam
593 3261 633 3302 ex
656 3234 866 3319 transalpinis
894 3233 1048 3321 gentibus

51 3329 124 3395 nulti
146 3331 188 3395 ad
211 3329 337 3394 Vrbem
361 3329 527 3393 confluunt
550 3331 596 3413 et,
624 3325 699 3410 quia
726 3329 799 3389 tuas
823 3346 933 3388 omnes
957 3344 1048 3387 curas

51 3424 240 3504 aspectare
264 3417 391 3500 uident,
417 3438 483 3481 non
513 3419 550 3480 ut
577 3414 726 3500 angustis
750 3434 927 3497 paucorum
951 3433 1047 3475 anno·
1062 3433 1089 3473 ao
1167 3493 1170 3500 .

50 3521 103 3570 run
124 3505 275 3574 terminis
299 3509 374 3570 tuae
397 3506 521 3579 fructus
540 3501 771 3568 beneficentiae
791 3500 970 3584 definiatur,
993 3499 1049 3563 sed

798 3605 834 3662 *p*
