2400 3922
397 163 443 219 XI.
462 163 597 221 Rainutio
615 164 762 222 Famesio.

556 377 611 443 XI.

88 519 282 587 Rainutio
312 519 498 586 Farnesio
530 518 727 585 Cardinali
757 524 885 585 creato
913 521 1068 586 Romam

533 631 627 704 [l,1].

159 767 247 844 Quia
269 766 375 830 uirtus
398 770 448 830 est
470 765 542 850 ipsa
565 788 624 850 per
647 790 680 831 se
709 767 858 832 amabilis
882 772 915 832 et
939 768 1015 853 quia
1036 791 1092 834 no·

71 857 196 922 bilitati
224 856 331 920 honor
359 858 392 917 et
419 854 627 919 obseruantia
655 856 805 942 debetur,
834 857 940 921 amaui
968 861 1000 921 te
1027 858 1092 922 iam
1119 880 1132 921 5

71 946 145 1010 inde
169 968 189 1009 a
213 949 273 1009 tua
295 941 434 1028 pueritia
462 943 570 1007 studio
599 943 733 1009 uirtutis
756 944 922 1010 incensum
951 950 984 1010 et
1007 947 1092 1011 colui
1177 1022 1180 1027 Α

71 1033 253 1099 clarissimo
287 1052 406 1118 genere
438 1036 559 1117 ortum,
591 1033 685 1096 Pauli
711 1031 960 1099 111,P0ntifi0is
992 1056 1091 1119 nepo·

69 1128 143 1187 tem.
190 1122 258 1186 iam
285 1124 357 1184 tum
380 1119 530 1203 equidem
554 1120 622 1184 uidi
644 1121 856 1206 praedixique
879 1123 1004 1210 multis,
1035 1124 1092 1207 qui

70 1213 201 1276 titurus
224 1231 321 1274 esses,
367 1212 400 1272 et
422 1230 508 1273 nunc
532 1209 717 1293 opinionem
741 1211 976 1297 auguriumque
1001 1212 1039 1276 de
1058 1216 1091 1276 te

71 1321 177 1364 meum
202 1297 294 1363 exitu
317 1297 478 1381 probante
501 1297 633 1382 utrique
659 1303 808 1364 nostrum
831 1301 990 1386 gratulor:
1017 1301 1090 1387 tibi,
1105 1323 1132 1364 ro

73 1388 120 1453 cui
143 1387 337 1452 tribuuntur
360 1407 406 1470 ea,
429 1408 511 1469 quae
531 1408 657 1470 semper
680 1387 821 1452 illustria
842 1388 983 1473 fuerunt,
1005 1411 1091 1454 nunc

74 1498 106 1542 eo
125 1476 242 1562 magis,
261 1473 347 1558 quod
370 1495 389 1537 a
406 1473 578 1540 Pauo-111.
597 1475 755 1540 Pontifice
773 1476 977 1563 tribuuntur3
1001 1478 1091 1565 mihi,
1137 1526 1146 1534 Δ.

75 1565 125 1649 qui
157 1565 197 1628 de
230 1569 288 1628 tua
315 1562 425 1626 futura
452 1562 624 1649 dignitate,
651 1564 754 1629 fretus
783 1564 904 1650 indole,
933 1565 1089 1650 moribus,
1139 1625 1143 1631 ,

76 1653 202 1740 ingenio
221 1657 289 1738 tuo,
312 1651 498 1716 adolescens
515 1673 592 1717 uere
611 1652 811 1717 coniecerim.
850 1652 1028 1716 Oardinalis
1047 1676 1090 1718 es.

77 1741 218 1826 optabile
247 1745 281 1805 et
307 1740 535 1806 honorificum:
564 1742 619 1806 sed
648 1746 697 1806 est
720 1741 754 1806 in
780 1740 844 1806 isto
866 1741 990 1806 honore
1013 1763 1130 1825 pon-1⁵

78 1829 129 1896 dus
159 1835 193 1895 et
220 1830 324 1893 labor.
370 1829 489 1893 cadunt
518 1830 553 1895 iu
582 1853 666 1914 eam,
698 1851 795 1914 quam
826 1852 912 1895 nunc
942 1830 1091 1916 sustines

26 1938 28 1987 ;
79 1940 247 2001 personam
269 1918 409 1982 uirtutes
432 1940 544 1982 omnes
567 1923 666 2002 atque
689 1919 736 1982 ita
759 1918 887 2004 cadunt,
910 1923 960 2005 ut,
984 1918 1012 1983 si
1035 1920 1090 1984 ab·

78 2006 148 2094 sint,
176 2007 219 2091 is,
250 2005 307 2090 qui
333 2006 438 2071 honor
469 2011 531 2093 est,
562 2007 666 2071 honor
696 2029 765 2072 esse
796 2007 935 2093 desinat,
965 2007 1019 2071 uel
1048 2008 1091 2071 sit

79 2096 170 2160 etiam
193 2115 321 2160 summa
339 2094 535 2159 deformitas.
573 2094 675 2160 Ourae
694 2101 803 2161 autem
826 2100 859 2159 et
877 2095 1091 2180 cogitationes

78 2182 144 2248 illae
167 2188 246 2249 sunt
268 2182 461 2268 praeclarae,
483 2183 567 2267 illae,
589 2183 733 2268 Rainuti,
756 2188 789 2247 te
808 2184 924 2268 dignae
948 2186 1090 2246 aeterna·
1104 2207 1131 2246 ao

78 2293 133 2356 que
166 2294 241 2336 eum
273 2270 378 2358 gloria
410 2271 613 2358 coniunctae,
644 2272 799 2356 pietatem
836 2270 1008 2355 praecipue
1041 2293 1090 2336 co·

76 2359 149 2447 lere3
172 2361 334 2426 excubare
353 2359 460 2425 animo
481 2383 541 2445 pro
561 2361 664 2427 salute
688 2381 725 2424 ac
743 2358 901 2446 dignitate
916 2359 1091 2446 Ecclesiae,
1155 2384 1157 2388 ·

78 2449 320 2515 beneficentiam
356 2449 425 2513 sine
462 2471 518 2534 spe
557 2449 775 2534 praemiorum
811 2469 974 2533 exercere,
1007 2449 1091 2513 nihil

77 2537 203 2604 omnino
233 2538 352 2623 facere,
384 2537 467 2602 nihil
497 2538 654 2624 cogitare,
686 2537 721 2602 in
751 2558 815 2620 quo
849 2537 961 2602 statim
994 2538 1091 2602 decus

74 2647 136 2691 non
159 2626 294 2691 eluceat.
338 2646 428 2711 nam,
453 2626 513 2690 ubi
540 2628 648 2710 paullo
676 2626 806 2690 uidetur
829 2626 1011 2710 obscurius,
1039 2625 1089 2689 ibi
1103 2647 1129 2687 25

75 2715 150 2780 satis
173 2718 302 2779 constat
324 2713 562 2797 turpitudinem
590 2715 703 2779 inesse.
750 2735 832 2798 quae
858 2715 1004 2798 profecto
1027 2714 1091 2777 tibi

73 2803 106 2867 in
131 2808 276 2869 mentem
307 2802 417 2867 uenire
453 2807 550 2887 atque
582 2804 624 2867 ob
658 2803 769 2868 oculos
801 2803 927 2866 assidue
960 2801 1091 2885 uersari,

73 2913 144 2956 cum
166 2890 203 2955 in
226 2890 280 2955 aui
302 2891 352 2954 tui
375 2912 534 2956 summam
556 2891 694 2978 gloriam
716 2891 861 2974 intueris,
878 2912 1008 2955 necesse
1032 2893 1089 2953 est.

72 2985 103 3045 ct
125 2978 260 3045 omnino
281 2978 392 3044 datum
413 2981 476 3046 hoc
499 2984 608 3045 uestro
632 2980 743 3066 generi
772 2979 928 3043 diuinitus
950 2976 1089 3060 uidetur,

71 3069 167 3134 uobis
198 3067 410 3134 nascentibus
442 3069 577 3133 heroum
611 3090 765 3133 numerus
799 3070 836 3130 ut
868 3069 1024 3150 augeatur
1058 3070 1091 3129 et
1105 3088 1132 3128 ao

74 3158 167 3241 quasi
191 3156 298 3222 maius
320 3155 431 3220 lumen
454 3156 493 3219 de
517 3155 651 3221 sublimi
674 3155 811 3240 quadam
830 3153 962 3236 specula
986 3176 1091 3220 erran·

72 3246 162 3311 tibus
186 3243 335 3311 honestis
359 3243 539 3328 disciplinis
561 3245 649 3309 uiam
677 3248 709 3308 et
732 3242 911 3326 hospitium
935 3245 1091 3308 ostendat.

72 3357 148 3422 ergo
179 3334 263 3399 alter
291 3333 385 3397 alteri
416 3333 598 3417 exemplum
627 3333 705 3397 estis
737 3331 777 3395 ad
809 3332 893 3396 bene
923 3332 1092 3417 agendum,

71 3423 243 3489 uobiscum
274 3421 372 3486 simul
402 3425 434 3485 et
469 3422 617 3486 oriuntur
647 3421 785 3484 uirtutes
815 3425 848 3484 et
882 3441 954 3483 oum
986 3423 1090 3481 aetate

69 3517 233 3597 creseunt,
266 3511 369 3575 donec
391 3510 479 3574 uitae
506 3531 638 3575 munere
667 3508 854 3591 perfunctos
883 3507 1019 3571 educant
1050 3527 1089 3567 ex
1103 3520 1130 3562 aa
1177 3524 1193 3599 q

844 3612 882 3669 εὶ*
