2400 3922
396 187 477 244 XLV.
501 188 602 243 Ioanni
620 188 746 245 Morono.
1013 187 1077 253 137

53 375 108 418 ma
126 374 172 438 re,
196 373 280 437 quae
302 373 389 416 nuno
407 350 523 438 agitur,
546 353 600 416 uel
618 352 659 416 ab
674 349 875 415 humanitate
894 355 959 437 tua,
983 373 1080 438 quam

56 463 169 507 omnes
192 444 315 506 norunt
339 444 372 505 et
394 440 590 526 praedicant,
613 439 798 524 persuaderi
820 460 872 503 me
895 439 1014 526 patiar,
1042 446 1079 506 ut

56 553 152 618 agam
175 529 288 615 paullo
307 528 452 614 liberius,
475 529 561 613 quod
583 529 696 614 sentio,
715 531 757 614 et,
776 548 857 612 quae
876 550 949 592 eum
972 530 1079 594 animo

57 642 128 685 meo
152 639 226 684 sum
243 617 428 703 meditatus,
446 617 557 682 eadem
574 640 661 682 nuno
679 639 867 701 expromam
884 616 968 680 nihil
990 617 1080 682 dissi·

56 709 198 794 mulans,
234 707 327 772 nullo
359 707 530 771 ueritatem
563 706 699 771 artifieio
732 710 854 792 tegens.
909 705 996 793 Ego,
1028 706 1078 771 uir
1105 729 1119 770 a

58 795 349 882 praestantissime,
377 795 483 880 quoad
509 796 625 879 putaui
655 799 701 881 te,
734 794 783 858 uti
810 793 976 878 pollicitus
1000 817 1078 882 eras,

57 890 204 951 acturum
232 907 302 949 esse
330 906 403 949 eum
429 883 588 948 Pontifiee
616 884 655 948 de
683 905 794 948 caussa
821 906 907 970 mea,
934 883 1079 948 laetabar

59 975 268 1039 uehementer
296 977 329 1037 et
356 973 391 1036 in
416 973 477 1037 hae
505 972 639 1038 aduersa
661 972 860 1059 ualetudine,
893 972 1078 1057 quaemihi

59 1085 187 1128 omnem
202 1061 376 1127 abstuiisse
395 1061 628 1126 iucunditatem
647 1061 828 1148 uidebatur,
847 1061 955 1146 aliqua
968 1067 1078 1127 tamen

59 1151 229 1235 uoluptate
243 1151 442 1234 perfruebar.
461 1151 633 1234 sperabam
652 1150 737 1214 enim
756 1151 834 1236 fore,
853 1154 890 1214 ut
904 1152 1078 1217 auotoritas
1093 1175 1119 1215 11

58 1243 120 1325 tna,
143 1238 328 1325 prudentia,
352 1238 544 1324 eloquentia,
558 1239 749 1322 praesertim
767 1239 801 1303 in
821 1239 943 1324 optima
957 1262 1078 1328 caussa,

59 1328 149 1393 facile
173 1328 365 1412 impetraret
388 1328 429 1392 ab
454 1327 646 1411 aequissimo
671 1350 707 1391 ae
734 1327 966 1413 benignissimo
991 1329 1078 1413 prin-

57 1417 126 1502 eipe
150 1439 220 1482 non
242 1416 489 1481 immoderatum
511 1415 634 1500 aliquid
656 1420 712 1480 aut
735 1416 899 1501 eiusmodi,
923 1418 1009 1500 quod
1032 1418 1079 1482 in·

60 1505 178 1570 uidiam
202 1505 343 1570 excitare
365 1509 488 1589 posset:
510 1527 578 1570 non
600 1504 685 1569 enim
708 1526 769 1590 ego
792 1505 839 1567 ita
862 1506 967 1568 efferri
990 1507 1079 1590 eupi-

59 1594 158 1660 ditate
186 1595 285 1659 soleo.
331 1593 409 1680 quid
440 1593 564 1681 igitur?
601 1614 740 1657 annuam
768 1595 896 1656 tantum
924 1593 1076 1657 ordinarii
1091 1616 1118 1656 15

59 1683 213 1768 stipendii
237 1683 445 1767 solutionem,
466 1687 517 1767 ut,
542 1680 811 1767 quemadmodum
833 1680 912 1744 Pius
936 1679 1077 1756 Quartus

62 1771 226 1855 Pontifex,
260 1771 434 1836 immortali
466 1771 622 1836 memoria
655 1769 786 1854 dignus,
819 1770 1004 1833 uenientem
1036 1770 1077 1834 ad

62 1859 182 1926 Vrbem
211 1860 333 1946 insigni
361 1860 480 1925 uiatico
511 1860 700 1941 donauerat,
731 1858 777 1923 sio
803 1857 882 1922 Pius
910 1858 1076 1943 Quinetus,

63 1951 144 2015 omni
168 1949 293 2014 uirtute
316 1970 353 2013 aa
370 1948 465 2012 laude
484 1953 662 2033 praestans,
685 1948 727 2010 ab
746 1947 836 2012 Vrbe
860 1947 1077 2013 discedentem

64 2060 121 2104 non
143 2038 243 2103 modo
268 2036 380 2120 simili,
403 2037 460 2101 sed
482 2037 602 2101 maiore
626 2036 726 2100 etiam
748 2057 880 2100 munere
904 2059 1076 2120 proseque-
1090 2059 1117 2098 1ο

66 2133 152 2192 retur.
186 2127 223 2191 in
251 2149 316 2211 quo
344 2125 428 2190 ratio
457 2125 629 2189 uidebatur
656 2124 806 2188 habenda
833 2124 949 2187 aetatis
976 2147 1075 2209 meae,

67 2214 207 2280 habenda
234 2213 444 2298 ualetudinis,
471 2213 620 2277 habenda
647 2213 747 2277 etiam
773 2212 963 2275 meritorum
990 2234 1075 2276 meo-

67 2325 136 2369 rum.
184 2325 382 2389 quamquam
410 2302 448 2366 de
477 2301 615 2386 meritis,
643 2302 690 2365 ita
716 2322 768 2364 me
791 2300 880 2363 Deus
903 2304 1003 2384 amet,
1029 2301 1075 2365 lo-

66 2413 139 2475 quor
165 2415 235 2457 non
261 2392 410 2457 libenter.
460 2391 650 2454 aduersatur
686 2389 773 2453 enim
805 2387 962 2453 modestia
994 2413 1074 2455 mea.

67 2483 113 2545 sed
139 2483 204 2546 hoe
230 2481 370 2545 uerbum
397 2479 558 2563 expressit
584 2480 626 2543 ab
655 2478 759 2542 inuito
789 2477 880 2541 dolor
908 2481 940 2542 et
965 2500 1076 2544 eorum
1090 2500 1116 2541 rs

69 2571 244 2655 temporum
267 2568 431 2652 memoria,
454 2590 528 2631 cum
550 2567 586 2631 in
608 2589 716 2631 meum
738 2589 858 2630 nomen
879 2566 1076 2633 inueheban-

69 2660 111 2723 tur
132 2657 244 2743 multi,
268 2657 372 2721 aliena
396 2656 597 2720 conferentes
619 2655 653 2720 in
676 2677 742 2741 me,
769 2678 841 2719 mea
868 2655 950 2720 mihi
973 2656 1075 2721 detra-

68 2744 180 2812 hentes.
226 2745 299 2810 Hoe
328 2744 430 2831 igitur
456 2744 640 2828 adloquendi
670 2744 839 2809 Pontifiais
867 2750 899 2808 et
931 2768 1005 2810 oum
1038 2768 1075 2810 eo

67 2835 222 2900 statuendi
242 2833 376 2898 oonsilio
394 2837 461 2918 tuo,
485 2833 576 2916 quasi
595 2833 693 2897 rebus
710 2833 792 2898 meis
809 2833 899 2897 nulla
918 2833 983 2897 iam
996 2837 1075 2896 tem-

67 2930 167 3006 pestas
196 2923 380 2988 immineret
409 2925 441 2985 et
468 2922 561 3005 quasi
589 2921 654 2986 iam
685 2921 720 2985 in
751 2926 850 3006 portu
876 2921 1074 3005 nauigarem,
1089 2941 1115 2982 ao

66 3011 103 3077 ita
123 3012 282 3078 laetabar.
327 3010 446 3075 Postea
468 3031 545 3073 uero
569 3032 667 3094 quam
690 3011 728 3073 de
750 3009 895 3072 Mariano
918 3007 1075 3093 Victorio,

65 3123 202 3168 summae
218 3099 402 3185 probitatis,
412 3120 503 3162 rarae
513 3098 685 3182 doetrinae,
696 3095 882 3160 excellentis
896 3094 1074 3160 industriae

66 3191 140 3276 uiro,
168 3189 312 3276 eognoui
335 3191 483 3252 acturum
510 3190 543 3251 te
572 3209 640 3252 esse
665 3185 702 3249 de
725 3183 858 3269 negotio
881 3205 953 3247 meo
977 3183 1011 3248 in
1035 3207 1073 3251 eo

63 3284 234 3357 conuentu,
264 3276 320 3362 qui
348 3276 472 3361 primus
499 3276 676 3340 habebitur
708 3294 819 3337 eorum
847 3269 1074 3359 Oardinalium,

63 3369 177 3452 quibus
206 3366 395 3431 alendorum
427 3365 462 3428 in
488 3364 578 3429 Vrbe
611 3361 791 3428 studiorum
823 3360 1073 3446 moderandique
1088 3383 1114 3424 aa

10 3450 15 3495 ³
63 3455 227 3541 Gymnasii
252 3455 382 3539 publiea
407 3453 596 3517 demandata
620 3472 695 3516 aura
717 3453 779 3532 est,
807 3449 904 3533 plane
928 3472 1000 3515 sum
1022 3452 1075 3514 ad·

61 3547 193 3612 miratus
225 3543 441 3610 mutationem
475 3540 602 3606 consilii
635 3542 679 3620 et,
716 3541 753 3601 ut
784 3538 924 3624 ingenue
961 3540 1073 3624 fatear,
1191 3562 1199 3603 1
