2400 3922
513 80 721 160 -8..Ι

105 261 200 322 usque
224 241 295 302 dum
319 240 415 301 mellis
439 240 567 301 habeant
590 241 828 321 spissitudinem,
850 240 921 301 inde
943 241 1072 302 frontem
1090 251 1116 302 et

104 339 233 410 utraque
256 339 391 409 tempora
414 328 554 390 oblinere.

194 418 226 480 V.
263 418 307 479 Ad
328 421 433 497 capitis
452 417 597 499 dolorem,
621 437 689 479 cum
707 419 932 496 inveteraverit,
956 417 1035 479 bene
1053 418 1118 479 iacit

104 509 178 569 baec
202 509 384 587 conpositio:
412 507 530 568 Murrae
558 525 586 585 p.
610 505 635 566 ll
658 505 684 586 I,
712 508 793 566 croci
821 525 849 585 p.
874 505 901 566 x
922 505 964 588 ll,
989 507 1117 587 amygda-

70 608 86 658 5
106 597 203 658 lorum
223 614 390 656 amarorum
409 615 437 675 p.
452 595 478 655 il
496 595 536 676 ll,
560 603 644 655 rutae
664 594 767 655 viridis
786 614 814 674 p.
830 593 855 654 X
874 594 929 673 ΙΠ,
953 595 1118 674 sphondylii

105 705 133 766 p.
154 685 179 745 ll
202 685 228 762 Ι,
251 687 371 763 panacis
394 703 422 763 p.
442 683 467 744 ll
490 683 516 765 Ι,
540 682 641 743 laurus
660 681 801 743 bacarum
825 701 853 762 p.
873 681 974 764 11111,
999 683 1118 763 serpulli

106 795 134 853 p.
154 773 179 833 ll
202 773 241 847 11,
270 775 396 832 castorei
423 790 451 850 p.
472 771 497 830 li
520 772 540 831 Ι.
588 771 739 832 'feruntur
761 771 836 832 baec
859 773 960 853 omnia
984 781 1068 832 aceto
1091 780 1118 832 ct

106 864 182 923 fiunt
208 860 332 940 pastilli,
363 878 431 920 oum
455 878 530 939 opus
555 868 614 942 est,
641 859 798 921 diluuntur
825 868 910 921 aceto
935 869 967 921 et
995 879 1062 921 rosa
1089 863 1118 920 in

105 948 202 1010 mellis
221 948 444 1026 spissitudinem
464 956 554 1027 atque
573 951 613 1009 ita
633 948 715 1008 lrons
734 957 764 1009 et
785 957 921 1026 tempora
944 948 1117 1010 inlinuntur.

63 1051 88 1100 ,ο
195 1035 240 1096 Vl.
273 1035 398 1115 Oportet
416 1054 486 1096 vero
505 1046 698 1116 permanente
717 1038 823 1116 capitis
842 1036 945 1097 dolore
967 1039 1119 1098 materiam

106 1144 225 1205 quoque
249 1124 407 1185 detrahere
430 1143 466 1184 ex
486 1143 521 1185 eo
540 1144 595 1203 per
614 1144 702 1186 nares
721 1125 767 1185 vel
786 1143 827 1185 os.
861 1124 944 1195 Quae
963 1144 1015 1186 res
1034 1129 1119 1187 etiam

105 1213 256 1275 auriculae
280 1213 326 1273 vel
348 1213 488 1274 dentibus
512 1213 681 1274 dolentibus
708 1214 831 1294 prodest
854 1231 911 1274 nec
933 1215 1036 1275 minus
1060 1217 1120 1293 qui·

106 1302 163 1363 bus
195 1302 311 1363 subitae
341 1304 502 1380 vertigines
535 1302 745 1383 obversantur,
778 1320 853 1381 quos
886 1298 1120 1381 σκοτωματικοὺς

107 1392 212 1453 Graeci
236 1391 352 1472 dicunt3
375 1393 447 1451 item
471 1390 611 1451 comitiali
633 1390 738 1450 morbo
762 1400 918 1468 correptos
941 1399 972 1451 et
996 1391 1119 1470 caligine

63 1490 88 1540 15
106 1480 256 1561 inpeditos
280 1498 316 1540 51
341 1498 445 1558 magna
473 1487 558 1557 parte
581 1479 665 1540 levat.
712 1478 827 1539 Debent
850 1486 950 1539 autem
974 1481 997 1540 ii
1021 1498 1120 1540 omnes

106 1570 203 1650 pridie
227 1568 378 1630 abstinere
401 1576 431 1628 et
454 1566 661 1647 superioribus
684 1567 790 1628 diebus
814 1585 920 1645 aquam
944 1579 1059 1647 potare.

195 1657 255 1720 Vll.
292 1657 350 1717 Per
370 1675 457 1716 nares
476 1674 546 1734 ergo
565 1663 711 1734 purgatur
729 1664 819 1735 caput
836 1655 884 1716 his
903 1656 996 1717 rebus
1016 1657 1120 1718 inlusis

106 1764 161 1824 per
184 1764 292 1824 cornu,
316 1745 395 1823 quod
419 1744 630 1824 rbinencbytes
653 1753 789 1806 vocatur:
812 1743 947 1806 Hederae
972 1763 1046 1806 suco
1068 1763 1120 1826 per

108 1851 140 1892 se
168 1832 214 1893 vel
242 1833 326 1892 betae
355 1850 426 1892 suco
454 1850 523 1892 cum
551 1835 658 1911 exiguo
686 1833 759 1894 11515
787 1835 865 1893 aeris
893 1833 939 1894 vel
967 1834 1121 1914 cyclamini

63 1932 89 1981 to
108 1939 180 1982 suco
204 1923 296 1981 mixto
320 1920 395 1980 lacte
419 1929 470 1982 aut
493 1939 568 2000 aqua
592 1923 657 2000 pari
680 1940 828 1983 mensura.

197 2009 269 2070 Vlll.
306 2009 386 2069 Bene
408 2008 537 2070 detrahit
556 2029 572 2070 e
593 2009 714 2071 naribus
737 2011 884 2089 liquorem
908 2018 938 2070 et
960 2009 1036 2087 baec
1055 2027 1121 2070 con·

107 2101 230 2179 positio:
255 2098 339 2180 Salis,
362 2100 447 2180 nitri,
471 2099 576 2181 mollis,
600 2101 689 2180 aceti,
713 2098 769 2159 olei
792 2099 910 2178 veteris,
935 2098 1121 2177 singulorum

107 2208 136 2268 p.
160 2188 186 2249 ll
208 2189 326 2270 binum,
355 2189 511 2268 cyclamini
534 2191 612 2268 suci,
635 2189 777 2267 σταφίδος
800 2182 916 2267 ἀγρίας,
942 2204 1032 2265 quam
1056 2187 1121 2247 her·

107 2276 176 2337 bam
194 2278 420 2357 pediculariam,
439 2278 518 2356 quod
538 2277 691 2356 pediculos
710 2284 810 2355 necat,
829 2274 948 2354 quidam
964 2275 1121 2355 appellant,

63 2372 88 2422 ts
108 2365 294 2440 singulorum
327 2384 354 2443 p.
379 2364 404 2424 ll
431 2365 452 2424 l.
499 2365 578 2424 Haec
608 2368 639 2424 in
668 2384 761 2425 unum
794 2366 885 2425 mixta
917 2364 1042 2425 naribus
1069 2381 1122 2443 per

107 2468 202 2511 cornu
225 2453 425 2512 infunduntur
448 2451 494 2511 vel
521 2454 610 2528 pinna
636 2451 769 2528 longiore
794 2471 881 2513 nares
903 2453 1034 2513 interius
1057 2471 1122 2532 per·

107 2539 261 2599 fricantur.
299 2538 372 2599 Cum
397 2540 468 2598 satis
488 2540 583 2597 visum
605 2538 697 2598 luerit
719 2539 850 2623 llrrrisse,
874 2548 908 2601 ut
930 2544 1120 2620 reprimatur,

107 2645 184 2706 aqua
206 2626 313 2705 frigida
335 2643 423 2685 nares
446 2626 559 2686 diutius
583 2625 703 2686 abluere
723 2646 797 2705 pura
817 2637 936 2707 oportet
955 2629 1001 2689 vel
1020 2648 1068 2711 ea,
1091 2631 1122 2689 iu

109 2735 167 2796 qua
190 2714 286 2795 pridie
309 2732 431 2775 crocum
454 2714 602 2775 adiectum
625 2725 807 2778 maceratum
831 2719 930 2778 luerit.

182 2875 196 2923 1
216 2868 340 2924 habeant
354 2867 400 2921 M:
419 2866 523 2921 hebeat
541 2867 577 2922 R.
646 2876 663 2923 4
681 2868 812 2924 Murrhae
826 2869 855 2923 R
872 2870 926 2937 bie,
945 2871 1040 2925 5515115
1058 2871 1123 2926 loeis

108 2941 236 3008 myrrbe3
259 2955 305 3008 epo
327 2939 427 3008 ubique
449 2939 550 3012 serapti
572 2958 675 2996 murra.
747 2939 954 3008 amigdalarum
975 2940 1002 2994 L
1026 2943 1122 2997 omieco

109 3026 267 3065 5155151515
285 3011 424 3065 vocabulo.
488 3009 658 3080 bsfondylii
671 3009 706 3068 L.
771 3011 879 3066 615511
896 3013 940 3065 Μ.
1005 3011 1123 3082 serpulli

108 3081 146 3135 L:
167 3080 283 3150 serpylli
300 3081 337 3136 R.
411 3078 609 3135 eoblinuntur
629 3081 669 3134 M.
741 3087 773 3136 11
792 3083 838 3136 vel
857 3097 907 3151 per
926 3099 958 3137 os
977 3081 1019 3136 M.
1090 3088 1123 3136 12

108 3151 263 3206 5511551515
282 3151 329 3205 vel
346 3151 460 3205 dentem
478 3150 639 3206 dolentibus
654 3152 700 3222 M,
719 3154 766 3207 5551
783 3153 818 3220 cf.
835 3153 911 3207 Plo'u.
928 3153 961 3207 de
979 3170 1009 3207 15
1027 3154 1119 3208 medic.

107 3220 134 3286 Ι,
152 3227 168 3275 2
188 3223 228 3277 ed.
245 3221 324 3277 Rom.
394 3227 427 3275 13
446 3221 645 3276 scotomaticos
665 3223 698 3277 L.
768 3228 802 3276 14
821 3223 968 3278 5511151515
986 3223 1020 3279 L.
1088 3229 1120 3277 15

108 3290 250 3360 inpeditos
268 3292 307 3346 L:
327 3293 395 3360 imp.
409 3293 445 3347 R.
520 3297 552 3345 17
571 3291 616 3347 his
636 3293 681 3346 M:
700 3292 735 3346 iis
750 3292 785 3346 R.
859 3299 892 3348 18
912 3292 1071 3363 rhinecytes
1085 3294 1120 3347 L.

109 3378 176 3417 suco
195 3363 222 3416 L
240 3379 354 3431 semper:
375 3379 457 3417 succo
471 3362 507 3416 R.
581 3369 615 3418 23
635 3362 779 3433 staphidos
799 3365 892 3433 agrian
912 3364 947 3419 L.
1019 3370 1056 3418 24
1074 3381 1120 3433 pe·

109 3433 264 3490 duclariom
282 3433 318 3489 L.
391 3439 425 3489 26
444 3451 530 3489 cornu
547 3435 593 3488 M:
613 3451 727 3489 cornum
746 3433 781 3488 R.
854 3441 889 3490 28
907 3451 979 3504 puro
994 3440 1058 3504 poet
1074 3434 1120 3489 fri·
