2400 3922
371 156 440 212 LIX.
467 154 753 212 11111111111111111111.
1005 156 1069 221 125

50 340 177 405 quoque
201 322 296 404 sunt,
319 318 375 403 qui
398 318 566 403 disputent
588 317 623 382 in
641 321 811 402 utramque
833 322 973 404 partem,
996 340 1070 384 cum

51 409 104 473 alii
132 429 231 471 suum
258 406 416 471 iudicium
443 407 484 470 ad
506 405 693 472 Aristotelis
723 410 897 491 praecepta
919 407 1069 472 referant.

53 520 71 562 1
105 495 230 580 quibus
267 517 366 580 quem
401 494 562 560 discedere
598 495 803 582 intelligunt,
844 515 918 559 eum
959 497 1070 560 11111111

53 589 266 670 epoeta'rum
293 606 428 650 numero
458 584 693 649 extrahendum
720 588 859 649 censent.
905 583 960 647 alii
984 606 1071 668 uere,

55 675 120 739 siue
150 696 204 738 res
236 673 306 738 siue
337 673 437 738 uerba
467 676 667 757 spectentur,
696 672 828 737 Ariosto
859 675 987 738 tantum
1016 672 1071 737 tri·
1098 701 1111 743 a

55 765 165 848 buant,
188 785 258 827 non
280 761 375 826 modo
399 765 436 826 ut
455 784 528 826 eum
549 762 590 825 ad
609 766 732 826 ceteros
751 766 865 846 poetas
883 765 1072 847 aggregent,

57 874 168 919 uerum
202 851 303 916 etiam
333 873 405 915 cum
435 850 500 915 illis
530 854 700 935 poetarum
730 850 937 936 principibus
968 850 1072 915 confe-

57 942 191 1007 rendum
216 943 371 1004 statuant.
412 939 494 1003 Mihi
516 961 583 1004 non
606 943 734 1004 tantum
758 939 817 1004 otii
840 938 997 1025 suppetit,
1020 938 1074 1004 uel

59 1036 92 1096 ut
113 1031 178 1095 hoc
201 1033 318 1114 totum,
342 1027 499 1113 quidquid
522 1031 580 1114 est,
604 1027 811 1115 considerem,
833 1028 887 1093 uel
910 1032 946 1092 ut
969 1046 1074 1093 meam

60 1118 254 1183 sententiam
289 1117 408 1182 litteris
445 1139 615 1201 exponam.
665 1117 755 1182 Vale.
807 1117 944 1203 Romae,
979 1117 1115 1184 11111111

58 1206 143 1291 Sept.
168 1205 363 1272 MDLXVH.

460 1323 674 1330 -—-——-———-—-

528 1451 609 1518 LIX.

166 1590 337 1660 Antdnio
365 1594 553 1660 Furnario
581 1594 787 1680 Neapolim
814 1603 904 1673 (VIII,
920 1603 972 1670 14).

146 1737 332 1821 Utrumque
365 1737 481 1823 laetor,
516 1741 549 1802 11
579 1737 719 1801 fortunis
751 1735 819 1801 tuis
850 1735 974 1820 aliquid
1006 1757 1076 1800 esse

59 1828 207 1892 additum
231 1830 263 1890 et
282 1827 384 1891 amori
403 1849 480 1913 erga
497 1849 549 1891 me
568 1825 752 1910 plurimum.
790 1830 825 1889 at
842 1826 938 1890 multi
957 1829 1078 1913 contra,
1092 1851 1119 1893 11

60 1917 112 1982 uel
135 1914 297 2001 dignitate
321 1915 374 1979 uel
397 1916 573 1980 commodis
595 1916 695 2001 aucti,
719 1919 930 1979 contemnunt
953 1918 1079 1980 ueteres

62 2005 182 2070 amicos
213 2008 247 2067 et
277 2003 384 2068 officio
415 2004 551 2068 multam
581 2004 719 2068 salutem
747 2003 866 2068 dicunt.
913 2005 999 2088 quod
1025 2004 1080 2068 hic

61 2117 119 2160 1111
143 2092 332 2176 experimur
355 2092 507 2176 quotidie.
545 2091 638 2168 Quod
660 2115 711 2157 me
731 2113 837 2157 annuo
856 2114 989 2157 munere
1012 2093 1080 2155 affi-

63 2184 120 2268 cis,
156 2202 300 2268 agnosco
333 2180 568 2245 humanitatem
605 2186 703 2246 tuam.
755 2181 840 2264 quod
873 2202 949 2244 uero
981 2179 1015 2241 id
1047 2183 1080 2241 te

63 2272 208 2336 tribuere
240 2270 354 2334 uirtuti
385 2292 474 2334 111111
505 2270 597 2356 dicis,
625 2270 746 2334 maiore
778 2269 875 2332 etiam
904 2289 955 2331 me
986 2288 1121 2331 ornasse

64 2381 204 2425 munere.
250 2357 319 2423 noli
348 2363 457 2423 autem
485 2358 636 2422 arbitrari
666 2362 733 2422 tam
762 2356 919 2440 dissipere
947 2377 1012 2442 me,
1044 2360 1081 2420 ut

65 2449 232 2533 disputare
254 2451 362 2512 tecum
384 2447 484 2513 uelim
503 2451 535 2510 et
559 2468 720 2532 quaerere,
743 2468 878 2510 uerene
898 2445 1018 2510 sentias
1040 2468 1082 2509 111

65 2560 163 2602 secus.
211 2536 295 2600 facio
317 2558 384 2600 non
406 2535 543 2621 inuitus,
566 2539 603 2599 ut
626 2535 780 2599 iudicium
803 2539 896 2599 tuum
916 2557 989 2600 cum
1011 2556 1082 2599 mea

66 2625 158 2691 laude
184 2625 393 2689 coniunctum
417 2628 510 2688 tuear
537 2646 573 2687 ac
596 2624 741 2706 probem.
787 2624 837 2688 De
861 2645 958 2711 anne,
987 2646 1082 2708 quem

20 2760 25 2793 e
67 2713 228 2780 Scalarem
258 2718 389 2799 uocant,
420 2735 461 2777 111
490 2712 574 2776 tanti
604 2712 763 2777 Firmicus
793 2718 826 2777 11
857 2713 913 2798 qui
942 2734 1015 2778 cum
1045 2733 1123 2776 1111

21 2874 24 2879 ,
67 2804 221 2886 sentiunt,
244 2800 332 2885 apud
354 2806 386 2865 11
406 2801 457 2887 sit,
481 2805 519 2865 ut
537 2801 636 2866 animi
655 2802 925 2887 tranquillitatem
944 2802 1083 2866 amittas.

21 2904 24 2927 ²
69 2915 146 2976 quae
182 2890 270 2954 enim
302 2890 504 2977 impendent,
541 2890 568 2954 si
602 2895 678 2955 sunt
711 2891 881 2976 eiusmodi,
919 2896 955 2954 ut
987 2887 1084 2951 uitari

69 2978 242 3065 prudentia
280 2979 419 3065 possint,
458 3001 552 3063 spero
585 2980 667 3064 fore,
698 2980 780 3044 nihil
813 2983 850 3041 ut
882 2983 914 3040 11
946 2975 1083 3039 laedant.

70 3070 115 3135 1111
138 3093 178 3134 11
202 3069 269 3132 fixa
292 3073 378 3155 sunt,
400 3069 586 3153 praeripere
604 3069 786 3133 molestiam
810 3069 842 3129 et
865 3065 942 3149 angi
965 3064 1085 3128 frustra

69 3164 150 3225 certe
170 3180 241 3222 non
259 3160 398 3241 oportet.
425 3156 497 3243 Ego
517 3157 701 3222 ualetudine
720 3161 795 3220 utor
813 3152 892 3217 satis
910 3151 1085 3238 commoda,
1099 3175 1126 3216 11

48 3264 99 3311 're
121 3246 289 3332 familiari,
313 3246 340 3310 si
363 3249 551 3330 spectentur
568 3247 697 3310 labores
715 3244 788 3329 mei,
811 3263 928 3325 parum
946 3241 1086 3327 copiosa,

71 3337 94 3398 11
111 3336 198 3400 ratio
214 3338 407 3421 temporum,
425 3334 504 3399 satis
518 3334 633 3419 ampla.
656 3334 744 3399 Vale.
767 3331 899 3417 Rornae,
912 3330 998 3397 XVI.
1013 3332 1084 3396 Kal,

12 3500 17 3512 ῃ
70 3421 161 3489 Febr.
186 3422 397 3488 MDLXVIH.

473 3541 686 3551 -ι---
