<?xml version="1.0" encoding="UTF-8"?>
<!DOCTYPE html PUBLIC "-//W3C//DTD XHTML 1.0 Transitional//EN"
    "http://www.w3.org/TR/xhtml1/DTD/xhtml1-transitional.dtd">
<html xmlns="http://www.w3.org/1999/xhtml" xml:lang="en" lang="en">
 <head>
  <title>
</title>
<meta http-equiv="Content-Type" content="text/html;charset=utf-8" />
  <meta name='ocr-system' content='tesseract 3.04.00' />
  <meta name='ocr-capabilities' content='ocr_page ocr_carea ocr_par ocr_line ocrx_word'/>
</head>
<body>
  <div class='ocr_page' id='page_1' title='image "./paulimanutiiepi00fickgoog_0065.png"; bbox 0 0 2400 3922; ppageno 0'>
   <div class='ocr_carea' id='block_1_1' title="bbox 109 163 979 237">
    <p class='ocr_par' dir='ltr' id='par_1_1' title="bbox 109 163 979 237">
     <span class='ocr_line' id='line_1_1' title="bbox 109 163 979 237; baseline 0.009 -21"><span class='ocrx_word' id='word_1_1' title='bbox 109 165 153 231; x_wconf 81' lang='grc'>56</span> <span class='ocrx_word' id='word_1_2' title='bbox 260 163 437 222; x_wconf 81' lang='lat' dir='ltr'><strong>Prooemium</strong></span> <span class='ocrx_word' id='word_1_3' title='bbox 455 165 523 220; x_wconf 85' lang='lat' dir='ltr'><strong>libri</strong></span> <span class='ocrx_word' id='word_1_4' title='bbox 541 166 577 221; x_wconf 90' lang='lat' dir='ltr'>de</span> <span class='ocrx_word' id='word_1_5' title='bbox 595 165 812 237; x_wconf 81' lang='lat' dir='ltr'>Magistratibue</span> <span class='ocrx_word' id='word_1_6' title='bbox 831 166 979 225; x_wconf 78' lang='lat' dir='ltr'>Romanis.</span> 
     </span>
    </p>
   </div>
   <div class='ocr_carea' id='block_1_2' title="bbox 70 326 1149 1634">
    <p class='ocr_par' dir='ltr' id='par_1_2' title="bbox 70 326 1149 1634">
     <span class='ocr_line' id='line_1_2' title="bbox 108 326 1120 415; baseline 0.003 -23"><span class='ocrx_word' id='word_1_7' title='bbox 108 349 240 412; x_wconf 89' lang='lat' dir='ltr'>possum</span> <span class='ocrx_word' id='word_1_8' title='bbox 263 326 417 414; x_wconf 83' lang='lat' dir='ltr'>conicere,</span> <span class='ocrx_word' id='word_1_9' title='bbox 440 332 611 393; x_wconf 77' lang='lat' dir='ltr'>contemno</span> <span class='ocrx_word' id='word_1_10' title='bbox 634 327 825 413; x_wconf 88' lang='lat' dir='ltr'>Principum</span> <span class='ocrx_word' id='word_1_11' title='bbox 848 328 991 415; x_wconf 88' lang='lat' dir='ltr'>diuitias,</span> <span class='ocrx_word' id='word_1_12' title='bbox 1014 329 1120 396; x_wconf 76' lang='lat' dir='ltr'>beatus</span> 
     </span>
     <span class='ocr_line' id='line_1_3' title="bbox 108 417 1121 503; baseline 0.003 -23"><span class='ocrx_word' id='word_1_13' title='bbox 108 439 176 480; x_wconf 87' lang='lat' dir='ltr'>esse</span> <span class='ocrx_word' id='word_1_14' title='bbox 199 438 333 500; x_wconf 90' lang='lat' dir='ltr'>possum</span> <span class='ocrx_word' id='word_1_15' title='bbox 357 417 391 481; x_wconf 91' lang='lat' dir='ltr'>in</span> <span class='ocrx_word' id='word_1_16' title='bbox 409 421 466 481; x_wconf 90' lang='lat' dir='ltr'>tua</span> <span class='ocrx_word' id='word_1_17' title='bbox 484 417 720 502; x_wconf 91' lang='lat' dir='ltr'>beneuolentia,</span> <span class='ocrx_word' id='word_1_18' title='bbox 743 418 828 483; x_wconf 91' lang='lat' dir='ltr'>unde</span> <span class='ocrx_word' id='word_1_19' title='bbox 848 418 955 483; x_wconf 88' lang='lat' dir='ltr'>honor</span> <span class='ocrx_word' id='word_1_20' title='bbox 974 421 1007 482; x_wconf 90' lang='lat' dir='ltr'>et</span> <span class='ocrx_word' id='word_1_21' title='bbox 1026 418 1121 503; x_wconf 88' lang='lat' dir='ltr'>decus,</span> 
     </span>
     <span class='ocr_line' id='line_1_4' title="bbox 107 505 1120 592; baseline 0.004 -24"><span class='ocrx_word' id='word_1_22' title='bbox 107 505 192 569; x_wconf 86' lang='lat' dir='ltr'>unde</span> <span class='ocrx_word' id='word_1_23' title='bbox 226 505 390 589; x_wconf 87' lang='lat' dir='ltr'>praeclara</span> <span class='ocrx_word' id='word_1_24' title='bbox 415 505 548 570; x_wconf 89' lang='lat' dir='ltr'>uirtutis</span> <span class='ocrx_word' id='word_1_25' title='bbox 575 511 780 592; x_wconf 87' lang='lat' dir='ltr'>argumenta,</span> <span class='ocrx_word' id='word_1_26' title='bbox 807 507 894 571; x_wconf 90' lang='lat' dir='ltr'>unde</span> <span class='ocrx_word' id='word_1_27' title='bbox 923 506 1024 571; x_wconf 87' lang='lat' dir='ltr'>etiam</span> <span class='ocrx_word' id='word_1_28' title='bbox 1047 529 1120 573; x_wconf 88' lang='lat' dir='ltr'>com·</span> 
     </span>
     <span class='ocr_line' id='line_1_5' title="bbox 108 593 1121 681; baseline 0.002 -23"><span class='ocrx_word' id='word_1_29' title='bbox 108 593 204 658; x_wconf 92' lang='lat' dir='ltr'>moda</span> <span class='ocrx_word' id='word_1_30' title='bbox 226 595 413 659; x_wconf 91' lang='lat' dir='ltr'>manabunt.</span> <span class='ocrx_word' id='word_1_31' title='bbox 452 617 550 678; x_wconf 88' lang='lat' dir='ltr'>quare</span> <span class='ocrx_word' id='word_1_32' title='bbox 573 601 726 659; x_wconf 85' lang='lat' dir='ltr'>conserua</span> <span class='ocrx_word' id='word_1_33' title='bbox 749 594 841 681; x_wconf 92' lang='lat' dir='ltr'>mihi,</span> <span class='ocrx_word' id='word_1_34' title='bbox 864 595 893 659; x_wconf 88' lang='lat' dir='ltr'>si</span> <span class='ocrx_word' id='word_1_35' title='bbox 916 596 970 660; x_wconf 89' lang='lat' dir='ltr'>uis</span> <span class='ocrx_word' id='word_1_36' title='bbox 992 618 1043 660; x_wconf 90' lang='lat' dir='ltr'>me</span> <span class='ocrx_word' id='word_1_37' title='bbox 1060 595 1121 661; x_wconf 88' lang='lat' dir='ltr'>feli·</span> 
     </span>
     <span class='ocr_line' id='line_1_6' title="bbox 82 683 1120 770; baseline 0.006 -28"><span class='ocrx_word' id='word_1_38' title='bbox 82 703 180 747; x_wconf 73' lang='lat' dir='ltr'>ecem</span> <span class='ocrx_word' id='word_1_39' title='bbox 208 705 290 770; x_wconf 89' lang='lat' dir='ltr'>esse,</span> <span class='ocrx_word' id='word_1_40' title='bbox 317 688 409 747; x_wconf 90' lang='lat' dir='ltr'>tuum</span> <span class='ocrx_word' id='word_1_41' title='bbox 437 705 591 769; x_wconf 90' lang='lat' dir='ltr'>amorem,</span> <span class='ocrx_word' id='word_1_42' title='bbox 618 705 714 767; x_wconf 90' lang='lat' dir='ltr'>quem</span> <span class='ocrx_word' id='word_1_43' title='bbox 743 687 829 748; x_wconf 88' lang='lat' dir='ltr'>certe</span> <span class='ocrx_word' id='word_1_44' title='bbox 853 683 1023 770; x_wconf 87' lang='lat' dir='ltr'>intelligas</span> <span class='ocrx_word' id='word_1_45' title='bbox 1049 684 1120 748; x_wconf 87' lang='lat' dir='ltr'>mibi</span> 
     </span>
     <span class='ocr_line' id='line_1_7' title="bbox 110 770 1120 857; baseline 0.001 -21"><span class='ocrx_word' id='word_1_46' title='bbox 110 772 235 856; x_wconf 88' lang='lat' dir='ltr'>deberi,</span> <span class='ocrx_word' id='word_1_47' title='bbox 263 772 290 836; x_wconf 93' lang='lat' dir='ltr'>si</span> <span class='ocrx_word' id='word_1_48' title='bbox 317 771 393 856; x_wconf 91' lang='lat' dir='ltr'>tibi,</span> <span class='ocrx_word' id='word_1_49' title='bbox 423 793 494 834; x_wconf 91' lang='grc'>11111</span> <span class='ocrx_word' id='word_1_50' title='bbox 524 792 605 855; x_wconf 90' lang='lat' dir='ltr'>quae</span> <span class='ocrx_word' id='word_1_51' title='bbox 634 770 699 836; x_wconf 90' lang='lat' dir='ltr'>sint</span> <span class='ocrx_word' id='word_1_52' title='bbox 727 793 805 856; x_wconf 86' lang='lat' dir='ltr'>erga</span> <span class='ocrx_word' id='word_1_53' title='bbox 827 776 861 837; x_wconf 89' lang='lat' dir='ltr'>te</span> <span class='ocrx_word' id='word_1_54' title='bbox 886 773 1009 857; x_wconf 88' lang='lat' dir='ltr'>studia,</span> <span class='ocrx_word' id='word_1_55' title='bbox 1035 772 1120 838; x_wconf 86' lang='lat' dir='ltr'>liceat</span> 
     </span>
     <span class='ocr_line' id='line_1_8' title="bbox 109 858 1119 946; baseline 0.001 -21"><span class='ocrx_word' id='word_1_56' title='bbox 109 860 236 925; x_wconf 86' lang='lat' dir='ltr'>intueri.</span> <span class='ocrx_word' id='word_1_57' title='bbox 282 858 342 922; x_wconf 89' lang='lat' dir='ltr'>illa</span> <span class='ocrx_word' id='word_1_58' title='bbox 364 881 451 943; x_wconf 91' lang='lat' dir='ltr'>uero,</span> <span class='ocrx_word' id='word_1_59' title='bbox 476 881 559 943; x_wconf 91' lang='lat' dir='ltr'>quae</span> <span class='ocrx_word' id='word_1_60' title='bbox 582 882 601 923; x_wconf 89' lang='lat' dir='ltr'>a</span> <span class='ocrx_word' id='word_1_61' title='bbox 623 864 679 924; x_wconf 92' lang='lat' dir='ltr'>tua</span> <span class='ocrx_word' id='word_1_62' title='bbox 697 859 903 946; x_wconf 76' lang='lat' dir='ltr'>benignitate</span> <span class='ocrx_word' id='word_1_63' title='bbox 922 860 1119 946; x_wconf 88' lang='lat' dir='ltr'>proficiscun-</span> 
     </span>
     <span class='ocr_line' id='line_1_9' title="bbox 109 946 1120 1036; baseline 0 -24"><span class='ocrx_word' id='word_1_64' title='bbox 109 954 176 1033; x_wconf 86' lang='lat' dir='ltr'>tur,</span> <span class='ocrx_word' id='word_1_65' title='bbox 199 946 355 1031; x_wconf 89' lang='lat' dir='ltr'>persuade</span> <span class='ocrx_word' id='word_1_66' title='bbox 378 946 442 1011; x_wconf 92' lang='lat' dir='ltr'>tibi</span> <span class='ocrx_word' id='word_1_67' title='bbox 469 948 531 1012; x_wconf 90' lang='lat' dir='ltr'>hoc</span> <span class='ocrx_word' id='word_1_68' title='bbox 554 947 760 1032; x_wconf 85' lang='lat' dir='ltr'>potissimum</span> <span class='ocrx_word' id='word_1_69' title='bbox 781 949 930 1036; x_wconf 91' lang='lat' dir='ltr'>nomine,</span> <span class='ocrx_word' id='word_1_70' title='bbox 956 950 1033 1034; x_wconf 91' lang='lat' dir='ltr'>quia</span> <span class='ocrx_word' id='word_1_71' title='bbox 1055 954 1120 1015; x_wconf 90' lang='lat' dir='ltr'>sunt</span> 
     </span>
     <span class='ocr_line' id='line_1_10' title="bbox 109 1036 1149 1125; baseline 0.005 -27"><span class='ocrx_word' id='word_1_72' title='bbox 109 1036 226 1099; x_wconf 88' lang='lat' dir='ltr'>amoris</span> <span class='ocrx_word' id='word_1_73' title='bbox 248 1040 448 1121; x_wconf 89' lang='lat' dir='ltr'>argumenta,</span> <span class='ocrx_word' id='word_1_74' title='bbox 470 1037 551 1100; x_wconf 92' lang='lat' dir='ltr'>mihi</span> <span class='ocrx_word' id='word_1_75' title='bbox 575 1059 643 1101; x_wconf 90' lang='lat' dir='ltr'>esse</span> <span class='ocrx_word' id='word_1_76' title='bbox 666 1037 836 1102; x_wconf 88' lang='lat' dir='ltr'>carissima.</span> <span class='ocrx_word' id='word_1_77' title='bbox 883 1060 994 1122; x_wconf 91' lang='lat' dir='ltr'>neque</span> <span class='ocrx_word' id='word_1_78' title='bbox 1018 1043 1119 1125; x_wconf 88' lang='lat' dir='ltr'>egote</span> <span class='ocrx_word' id='word_1_79' title='bbox 1145 1044 1149 1051; x_wconf 86' lang='lat'>&#39;</span> 
     </span>
     <span class='ocr_line' id='line_1_11' title="bbox 70 1125 1119 1211; baseline 0.004 -26"><span class='ocrx_word' id='word_1_80' title='bbox 70 1147 96 1185; x_wconf 87' lang='lat' dir='ltr'>ro</span> <span class='ocrx_word' id='word_1_81' title='bbox 109 1146 263 1207; x_wconf 90' lang='lat' dir='ltr'>umquam</span> <span class='ocrx_word' id='word_1_82' title='bbox 291 1146 331 1187; x_wconf 85' lang='lat' dir='ltr'>ex</span> <span class='ocrx_word' id='word_1_83' title='bbox 363 1125 529 1211; x_wconf 90' lang='lat' dir='ltr'>beneficio,</span> <span class='ocrx_word' id='word_1_84' title='bbox 557 1126 613 1189; x_wconf 90' lang='lat' dir='ltr'>sed</span> <span class='ocrx_word' id='word_1_85' title='bbox 639 1125 832 1190; x_wconf 88' lang='lat' dir='ltr'>beneficium</span> <span class='ocrx_word' id='word_1_86' title='bbox 860 1148 992 1211; x_wconf 85' lang='lat' dir='ltr'>semper</span> <span class='ocrx_word' id='word_1_87' title='bbox 1027 1150 1065 1191; x_wconf 85' lang='lat' dir='ltr'>ex</span> <span class='ocrx_word' id='word_1_88' title='bbox 1093 1130 1119 1189; x_wconf 88' lang='lat' dir='ltr'>te</span> 
     </span>
     <span class='ocr_line' id='line_1_12' title="bbox 108 1212 1120 1300; baseline 0.004 -24"><span class='ocrx_word' id='word_1_89' title='bbox 108 1213 180 1295; x_wconf 90' lang='lat' dir='ltr'>ipso</span> <span class='ocrx_word' id='word_1_90' title='bbox 200 1212 345 1296; x_wconf 90' lang='lat' dir='ltr'>pendam.</span> <span class='ocrx_word' id='word_1_91' title='bbox 378 1212 515 1277; x_wconf 88' lang='lat' dir='ltr'>Librum</span> <span class='ocrx_word' id='word_1_92' title='bbox 530 1213 568 1278; x_wconf 92' lang='lat' dir='ltr'>de</span> <span class='ocrx_word' id='word_1_93' title='bbox 586 1214 842 1300; x_wconf 75' lang='lat' dir='ltr'>MagistratibuS,</span> <span class='ocrx_word' id='word_1_94' title='bbox 862 1237 962 1298; x_wconf 92' lang='lat' dir='ltr'>quem</span> <span class='ocrx_word' id='word_1_95' title='bbox 982 1215 1120 1300; x_wconf 89' lang='lat' dir='ltr'>petieras,</span> 
     </span>
     <span class='ocr_line' id='line_1_13' title="bbox 108 1301 1118 1387; baseline 0.002 -23"><span class='ocrx_word' id='word_1_96' title='bbox 108 1301 213 1365; x_wconf 90' lang='lat' dir='ltr'>habeo</span> <span class='ocrx_word' id='word_1_97' title='bbox 247 1302 445 1387; x_wconf 90' lang='lat' dir='ltr'>absolutum,</span> <span class='ocrx_word' id='word_1_98' title='bbox 477 1302 620 1366; x_wconf 90' lang='lat' dir='ltr'>nondum</span> <span class='ocrx_word' id='word_1_99' title='bbox 653 1307 761 1366; x_wconf 90' lang='lat' dir='ltr'>tamen</span> <span class='ocrx_word' id='word_1_100' title='bbox 793 1303 965 1370; x_wconf 88' lang='lat' dir='ltr'>edendum.</span> <span class='ocrx_word' id='word_1_101' title='bbox 1019 1305 1118 1387; x_wconf 89' lang='lat' dir='ltr'>itaque</span> 
     </span>
     <span class='ocr_line' id='line_1_14' title="bbox 109 1388 1118 1476; baseline 0.003 -23"><span class='ocrx_word' id='word_1_102' title='bbox 109 1388 341 1476; x_wconf 87' lang='lat' dir='ltr'>comprimitur,</span> <span class='ocrx_word' id='word_1_103' title='bbox 356 1412 458 1474; x_wconf 91' lang='lat' dir='ltr'>usque</span> <span class='ocrx_word' id='word_1_104' title='bbox 473 1390 550 1454; x_wconf 91' lang='lat' dir='ltr'>dum</span> <span class='ocrx_word' id='word_1_105' title='bbox 560 1396 705 1456; x_wconf 87' lang='lat' dir='ltr'>accurate</span> <span class='ocrx_word' id='word_1_106' title='bbox 720 1391 911 1475; x_wconf 85' lang='lat' dir='ltr'>perpoliam.</span> <span class='ocrx_word' id='word_1_107' title='bbox 926 1392 1118 1476; x_wconf 91' lang='lat' dir='ltr'>prooemium</span> 
     </span>
     <span class='ocr_line' id='line_1_15' title="bbox 110 1478 1118 1565; baseline 0.002 -24"><span class='ocrx_word' id='word_1_108' title='bbox 110 1478 312 1564; x_wconf 80' lang='lat' dir='ltr'>degustabis,</span> <span class='ocrx_word' id='word_1_109' title='bbox 346 1478 433 1563; x_wconf 92' lang='lat' dir='ltr'>quod</span> <span class='ocrx_word' id='word_1_110' title='bbox 465 1478 505 1542; x_wconf 88' lang='lat' dir='ltr'>ad</span> <span class='ocrx_word' id='word_1_111' title='bbox 537 1483 569 1543; x_wconf 91' lang='lat' dir='ltr'>te</span> <span class='ocrx_word' id='word_1_112' title='bbox 598 1502 670 1544; x_wconf 92' lang='lat' dir='ltr'>oum</span> <span class='ocrx_word' id='word_1_113' title='bbox 702 1479 762 1543; x_wconf 90' lang='lat' dir='ltr'>hac</span> <span class='ocrx_word' id='word_1_114' title='bbox 793 1484 954 1545; x_wconf 91' lang='lat' dir='ltr'>nocturna</span> <span class='ocrx_word' id='word_1_115' title='bbox 993 1479 1118 1565; x_wconf 79' lang='lat' dir='ltr'>epistola</span> 
     </span>
     <span class='ocr_line' id='line_1_16' title="bbox 70 1567 1117 1634; baseline 0.002 -4"><span class='ocrx_word' id='word_1_116' title='bbox 70 1590 96 1629; x_wconf 82' lang='grc'>11</span> <span class='ocrx_word' id='word_1_117' title='bbox 111 1567 210 1631; x_wconf 90' lang='lat' dir='ltr'>statui</span> <span class='ocrx_word' id='word_1_118' title='bbox 233 1567 369 1632; x_wconf 90' lang='lat' dir='ltr'>mittere.</span> <span class='ocrx_word' id='word_1_119' title='bbox 415 1567 504 1632; x_wconf 87' lang='lat' dir='ltr'>Vale.</span> <span class='ocrx_word' id='word_1_120' title='bbox 541 1568 593 1632; x_wconf 81' lang='lat' dir='ltr'>Ex</span> <span class='ocrx_word' id='word_1_121' title='bbox 617 1568 750 1632; x_wconf 89' lang='lat' dir='ltr'>aedibus</span> <span class='ocrx_word' id='word_1_122' title='bbox 772 1568 893 1632; x_wconf 88' lang='lat' dir='ltr'>nostris</span> <span class='ocrx_word' id='word_1_123' title='bbox 918 1573 995 1634; x_wconf 88' lang='lat' dir='ltr'>ante</span> <span class='ocrx_word' id='word_1_124' title='bbox 1018 1570 1117 1634; x_wconf 88' lang='lat' dir='ltr'>lucem</span> 
     </span>
    </p>
   </div>
   <div class='ocr_carea' id='block_1_3' title="bbox 111 1655 905 1742">
    <p class='ocr_par' dir='ltr' id='par_1_3' title="bbox 111 1655 905 1742">
     <span class='ocr_line' id='line_1_17' title="bbox 111 1655 905 1742; baseline 0 -22"><span class='ocrx_word' id='word_1_125' title='bbox 111 1655 193 1742; x_wconf 84' lang='lat' dir='ltr'>[Aut</span> <span class='ocrx_word' id='word_1_126' title='bbox 216 1680 299 1722; x_wconf 90' lang='lat' dir='ltr'>anno</span> <span class='ocrx_word' id='word_1_127' title='bbox 323 1655 494 1722; x_wconf 85' lang='lat' dir='ltr'>MDLVIH</span> <span class='ocrx_word' id='word_1_128' title='bbox 517 1662 573 1722; x_wconf 89' lang='lat' dir='ltr'>aut</span> <span class='ocrx_word' id='word_1_129' title='bbox 595 1680 661 1722; x_wconf 94' lang='lat' dir='ltr'>non</span> <span class='ocrx_word' id='word_1_130' title='bbox 683 1657 785 1721; x_wconf 92' lang='lat' dir='ltr'>multo</span> <span class='ocrx_word' id='word_1_131' title='bbox 805 1657 905 1741; x_wconf 84' lang='lat' dir='ltr'>ante]</span> 
     </span>
    </p>
   </div>
   <div class='ocr_carea' id='block_1_4' title="bbox 266 2168 972 2363">
    <p class='ocr_par' dir='ltr' id='par_1_4' title="bbox 266 2168 972 2363">
     <span class='ocr_line' id='line_1_18' title="bbox 499 2168 741 2233; baseline -0.004 0"><span class='ocrx_word' id='word_1_132' title='bbox 499 2168 741 2233; x_wconf 87' lang='lat' dir='ltr'>Prooemium</span> 
     </span>
     <span class='ocr_line' id='line_1_19' title="bbox 266 2273 972 2363; baseline -0.004 -22"><span class='ocrx_word' id='word_1_133' title='bbox 266 2276 363 2342; x_wconf 89' lang='lat' dir='ltr'>libri</span> <span class='ocrx_word' id='word_1_134' title='bbox 387 2277 429 2341; x_wconf 91' lang='lat' dir='ltr'>de</span> <span class='ocrx_word' id='word_1_135' title='bbox 452 2275 755 2363; x_wconf 86' lang='lat' dir='ltr'>Magistratibus</span> <span class='ocrx_word' id='word_1_136' title='bbox 778 2273 972 2339; x_wconf 87' lang='lat' dir='ltr'>Romanis.</span> 
     </span>
    </p>
   </div>
   <div class='ocr_carea' id='block_1_5' title="bbox 71 2448 1130 3596">
    <p class='ocr_par' dir='ltr' id='par_1_5' title="bbox 200 2448 1123 2534">
     <span class='ocr_line' id='line_1_20' title="bbox 200 2448 1123 2534; baseline 0 -21"><span class='ocrx_word' id='word_1_137' title='bbox 200 2448 292 2525; x_wconf 88' lang='lat' dir='ltr'>Quod</span> <span class='ocrx_word' id='word_1_138' title='bbox 321 2452 356 2515; x_wconf 92' lang='lat' dir='ltr'>in</span> <span class='ocrx_word' id='word_1_139' title='bbox 388 2453 517 2534; x_wconf 88' lang='lat' dir='ltr'>priuata</span> <span class='ocrx_word' id='word_1_140' title='bbox 547 2451 641 2514; x_wconf 92' lang='lat' dir='ltr'>domo</span> <span class='ocrx_word' id='word_1_141' title='bbox 670 2455 763 2531; x_wconf 87' lang='lat' dir='ltr'>pater</span> <span class='ocrx_word' id='word_1_142' title='bbox 790 2448 947 2531; x_wconf 88' lang='lat' dir='ltr'>familias,</span> <span class='ocrx_word' id='word_1_143' title='bbox 977 2450 1065 2516; x_wconf 93' lang='lat' dir='ltr'>idem</span> <span class='ocrx_word' id='word_1_144' title='bbox 1092 2449 1123 2513; x_wconf 94' lang='lat' dir='ltr'>in</span> 
     </span>
    </p>

    <p class='ocr_par' dir='ltr' id='par_1_6' title="bbox 71 2535 1130 3596">
     <span class='ocr_line' id='line_1_21' title="bbox 71 2535 1126 2626; baseline 0.003 -27"><span class='ocrx_word' id='word_1_145' title='bbox 71 2561 96 2600; x_wconf 77' lang='lat' dir='ltr'>ro</span> <span class='ocrx_word' id='word_1_146' title='bbox 110 2535 242 2601; x_wconf 91' lang='lat' dir='ltr'>ciuitate</span> <span class='ocrx_word' id='word_1_147' title='bbox 266 2543 410 2619; x_wconf 84' lang='lat' dir='ltr'>praestat</span> <span class='ocrx_word' id='word_1_148' title='bbox 429 2539 490 2601; x_wconf 85' lang='lat' dir='ltr'>lex.</span> <span class='ocrx_word' id='word_1_149' title='bbox 515 2536 569 2599; x_wconf 90' lang='lat' dir='ltr'>ille</span> <span class='ocrx_word' id='word_1_150' title='bbox 592 2536 752 2619; x_wconf 83' lang='lat' dir='ltr'>praecipit</span> <span class='ocrx_word' id='word_1_151' title='bbox 771 2537 856 2622; x_wconf 89' lang='lat' dir='ltr'>filiis,</span> <span class='ocrx_word' id='word_1_152' title='bbox 880 2538 960 2621; x_wconf 93' lang='lat' dir='ltr'>quid</span> <span class='ocrx_word' id='word_1_153' title='bbox 979 2543 1079 2626; x_wconf 83' lang='lat' dir='ltr'>agant</span> <span class='ocrx_word' id='word_1_154' title='bbox 1097 2541 1126 2602; x_wconf 92' lang='lat' dir='ltr'>et</span> 
     </span>
     <span class='ocr_line' id='line_1_22' title="bbox 110 2623 1127 2711; baseline 0.002 -23"><span class='ocrx_word' id='word_1_155' title='bbox 110 2646 173 2709; x_wconf 91' lang='lat' dir='ltr'>qua</span> <span class='ocrx_word' id='word_1_156' title='bbox 205 2624 330 2706; x_wconf 91' lang='lat' dir='ltr'>ratione</span> <span class='ocrx_word' id='word_1_157' title='bbox 359 2629 470 2711; x_wconf 85' lang='lat' dir='ltr'>agant;</span> <span class='ocrx_word' id='word_1_158' title='bbox 500 2623 579 2686; x_wconf 90' lang='lat' dir='ltr'>haec</span> <span class='ocrx_word' id='word_1_159' title='bbox 606 2623 677 2686; x_wconf 90' lang='lat' dir='ltr'>iura</span> <span class='ocrx_word' id='word_1_160' title='bbox 706 2624 833 2690; x_wconf 89' lang='lat' dir='ltr'>ciuibus</span> <span class='ocrx_word' id='word_1_161' title='bbox 860 2627 993 2691; x_wconf 90' lang='lat' dir='ltr'>mandat</span> <span class='ocrx_word' id='word_1_162' title='bbox 1026 2633 1059 2692; x_wconf 92' lang='lat' dir='ltr'>et</span> <span class='ocrx_word' id='word_1_163' title='bbox 1090 2625 1127 2691; x_wconf 87' lang='lat' dir='ltr'>ad</span> 
     </span>
     <span class='ocr_line' id='line_1_23' title="bbox 109 2712 1127 2799; baseline 0.004 -24"><span class='ocrx_word' id='word_1_164' title='bbox 109 2713 279 2797; x_wconf 88' lang='lat' dir='ltr'>pietatem,</span> <span class='ocrx_word' id='word_1_165' title='bbox 313 2712 353 2775; x_wconf 92' lang='lat' dir='ltr'>ad</span> <span class='ocrx_word' id='word_1_166' title='bbox 381 2717 505 2776; x_wconf 90' lang='lat' dir='ltr'>rectum</span> <span class='ocrx_word' id='word_1_167' title='bbox 537 2733 595 2794; x_wconf 88' lang='lat' dir='ltr'>spe</span> <span class='ocrx_word' id='word_1_168' title='bbox 619 2713 837 2794; x_wconf 90' lang='lat' dir='ltr'>praemiorum</span> <span class='ocrx_word' id='word_1_169' title='bbox 865 2713 1000 2799; x_wconf 86' lang='lat' dir='ltr'>inuitat,</span> <span class='ocrx_word' id='word_1_170' title='bbox 1029 2738 1049 2780; x_wconf 90' lang='lat' dir='ltr'>a</span> <span class='ocrx_word' id='word_1_171' title='bbox 1077 2715 1127 2779; x_wconf 92' lang='lat' dir='ltr'>de·</span> 
     </span>
     <span class='ocr_line' id='line_1_24' title="bbox 108 2800 1129 2886; baseline 0.002 -20"><span class='ocrx_word' id='word_1_172' title='bbox 108 2801 187 2867; x_wconf 89' lang='lat' dir='ltr'>licto</span> <span class='ocrx_word' id='word_1_173' title='bbox 210 2800 380 2884; x_wconf 90' lang='lat' dir='ltr'>proposita</span> <span class='ocrx_word' id='word_1_174' title='bbox 403 2822 508 2884; x_wconf 89' lang='lat' dir='ltr'>poena</span> <span class='ocrx_word' id='word_1_175' title='bbox 531 2800 679 2865; x_wconf 88' lang='lat' dir='ltr'>deterret.</span> <span class='ocrx_word' id='word_1_176' title='bbox 726 2801 997 2886; x_wconf 90' lang='lat' dir='ltr'>quemadmodum</span> <span class='ocrx_word' id='word_1_177' title='bbox 1020 2809 1129 2868; x_wconf 91' lang='lat' dir='ltr'>autem</span> 
     </span>
     <span class='ocr_line' id='line_1_25' title="bbox 109 2889 1128 2976; baseline 0 -21"><span class='ocrx_word' id='word_1_178' title='bbox 109 2890 158 2956; x_wconf 88' lang='lat' dir='ltr'>rei</span> <span class='ocrx_word' id='word_1_179' title='bbox 181 2889 327 2974; x_wconf 89' lang='lat' dir='ltr'>priuatae</span> <span class='ocrx_word' id='word_1_180' title='bbox 354 2910 420 2953; x_wconf 91' lang='lat' dir='ltr'>non</span> <span class='ocrx_word' id='word_1_181' title='bbox 447 2889 509 2952; x_wconf 90' lang='lat' dir='ltr'>hoc</span> <span class='ocrx_word' id='word_1_182' title='bbox 537 2911 601 2953; x_wconf 92' lang='lat' dir='ltr'>uno</span> <span class='ocrx_word' id='word_1_183' title='bbox 631 2890 822 2975; x_wconf 88' lang='lat' dir='ltr'>consulitur,</span> <span class='ocrx_word' id='word_1_184' title='bbox 851 2890 878 2954; x_wconf 90' lang='lat' dir='ltr'>si</span> <span class='ocrx_word' id='word_1_185' title='bbox 902 2891 958 2976; x_wconf 90' lang='lat' dir='ltr'>sit,</span> <span class='ocrx_word' id='word_1_186' title='bbox 987 2893 1044 2975; x_wconf 90' lang='lat' dir='ltr'>qui</span> <span class='ocrx_word' id='word_1_187' title='bbox 1073 2893 1128 2956; x_wconf 89' lang='lat' dir='ltr'>im-</span> 
     </span>
     <span class='ocr_line' id='line_1_26' title="bbox 71 2976 1129 3065; baseline 0.005 -26"><span class='ocrx_word' id='word_1_188' title='bbox 71 3000 98 3042; x_wconf 77' lang='grc'>11</span> <span class='ocrx_word' id='word_1_189' title='bbox 112 2984 218 3065; x_wconf 90' lang='lat' dir='ltr'>peret,</span> <span class='ocrx_word' id='word_1_190' title='bbox 241 2999 354 3043; x_wconf 89' lang='lat' dir='ltr'>uerum</span> <span class='ocrx_word' id='word_1_191' title='bbox 382 2976 463 3041; x_wconf 90' lang='lat' dir='ltr'>illud</span> <span class='ocrx_word' id='word_1_192' title='bbox 481 2982 648 3060; x_wconf 89' lang='lat' dir='ltr'>praeterea</span> <span class='ocrx_word' id='word_1_193' title='bbox 671 2980 859 3065; x_wconf 89' lang='lat' dir='ltr'>requiritur,</span> <span class='ocrx_word' id='word_1_194' title='bbox 887 2983 924 3043; x_wconf 93' lang='lat' dir='ltr'>ut</span> <span class='ocrx_word' id='word_1_195' title='bbox 952 2979 1129 3064; x_wconf 87' lang='lat' dir='ltr'>imperanti</span> 
     </span>
     <span class='ocr_line' id='line_1_27' title="bbox 112 3067 1130 3156; baseline 0 -24"><span class='ocrx_word' id='word_1_196' title='bbox 112 3067 281 3134; x_wconf 90' lang='lat' dir='ltr'>domestici</span> <span class='ocrx_word' id='word_1_197' title='bbox 309 3087 420 3131; x_wconf 88' lang='lat' dir='ltr'>omnes</span> <span class='ocrx_word' id='word_1_198' title='bbox 448 3073 597 3150; x_wconf 88' lang='lat' dir='ltr'>pareant:</span> <span class='ocrx_word' id='word_1_199' title='bbox 627 3069 672 3134; x_wconf 87' lang='lat' dir='ltr'>sic</span> <span class='ocrx_word' id='word_1_200' title='bbox 696 3069 730 3134; x_wconf 92' lang='lat' dir='ltr'>in</span> <span class='ocrx_word' id='word_1_201' title='bbox 754 3069 899 3154; x_wconf 89' lang='lat' dir='ltr'>ciuitate,</span> <span class='ocrx_word' id='word_1_202' title='bbox 927 3068 992 3132; x_wconf 88' lang='lat' dir='ltr'>nisi</span> <span class='ocrx_word' id='word_1_203' title='bbox 1022 3069 1130 3156; x_wconf 90' lang='lat' dir='ltr'>legem</span> 
     </span>
     <span class='ocr_line' id='line_1_28' title="bbox 110 3156 1129 3242; baseline 0.004 -24"><span class='ocrx_word' id='word_1_204' title='bbox 110 3156 229 3238; x_wconf 91' lang='lat' dir='ltr'>aliquis</span> <span class='ocrx_word' id='word_1_205' title='bbox 252 3159 381 3220; x_wconf 91' lang='lat' dir='ltr'>tueatur</span> <span class='ocrx_word' id='word_1_206' title='bbox 409 3159 455 3241; x_wconf 89' lang='lat' dir='ltr'>et,</span> <span class='ocrx_word' id='word_1_207' title='bbox 483 3161 519 3221; x_wconf 91' lang='lat' dir='ltr'>ut</span> <span class='ocrx_word' id='word_1_208' title='bbox 548 3157 578 3221; x_wconf 90' lang='lat' dir='ltr'>ei</span> <span class='ocrx_word' id='word_1_209' title='bbox 605 3158 700 3242; x_wconf 87' lang='lat' dir='ltr'>ciues,</span> <span class='ocrx_word' id='word_1_210' title='bbox 731 3157 822 3240; x_wconf 91' lang='lat' dir='ltr'>quasi</span> <span class='ocrx_word' id='word_1_211' title='bbox 846 3157 975 3240; x_wconf 91' lang='lat' dir='ltr'>parenti</span> <span class='ocrx_word' id='word_1_212' title='bbox 1005 3157 1129 3242; x_wconf 89' lang='lat' dir='ltr'>optimo</span> 
     </span>
     <span class='ocr_line' id='line_1_29' title="bbox 110 3243 1129 3332; baseline 0.004 -26"><span class='ocrx_word' id='word_1_213' title='bbox 110 3243 180 3326; x_wconf 90' lang='lat' dir='ltr'>filii,</span> <span class='ocrx_word' id='word_1_214' title='bbox 214 3243 380 3308; x_wconf 86' lang='lat' dir='ltr'>audientes</span> <span class='ocrx_word' id='word_1_215' title='bbox 415 3245 494 3332; x_wconf 90' lang='lat' dir='ltr'>sint,</span> <span class='ocrx_word' id='word_1_216' title='bbox 531 3249 693 3329; x_wconf 89' lang='lat' dir='ltr'>potestate</span> <span class='ocrx_word' id='word_1_217' title='bbox 730 3244 932 3329; x_wconf 89' lang='lat' dir='ltr'>imperioque</span> <span class='ocrx_word' id='word_1_218' title='bbox 972 3246 1129 3331; x_wconf 87' lang='lat' dir='ltr'>perficiat,</span> 
     </span>
     <span class='ocr_line' id='line_1_30' title="bbox 111 3329 1129 3422; baseline 0.004 -28"><span class='ocrx_word' id='word_1_219' title='bbox 111 3352 178 3395; x_wconf 92' lang='lat' dir='ltr'>non</span> <span class='ocrx_word' id='word_1_220' title='bbox 201 3337 251 3396; x_wconf 90' lang='lat' dir='ltr'>est</span> <span class='ocrx_word' id='word_1_221' title='bbox 274 3332 309 3396; x_wconf 91' lang='lat' dir='ltr'>in</span> <span class='ocrx_word' id='word_1_222' title='bbox 331 3332 404 3416; x_wconf 90' lang='lat' dir='ltr'>ipsa</span> <span class='ocrx_word' id='word_1_223' title='bbox 427 3335 500 3422; x_wconf 89' lang='lat' dir='ltr'>lege</span> <span class='ocrx_word' id='word_1_224' title='bbox 523 3332 674 3418; x_wconf 89' lang='lat' dir='ltr'>praesidii</span> <span class='ocrx_word' id='word_1_225' title='bbox 698 3329 776 3394; x_wconf 90' lang='lat' dir='ltr'>satis</span> <span class='ocrx_word' id='word_1_226' title='bbox 796 3332 983 3417; x_wconf 90' lang='lat' dir='ltr'>optimeque</span> <span class='ocrx_word' id='word_1_227' title='bbox 1007 3355 1044 3398; x_wconf 89' lang='lat' dir='ltr'>ac</span> <span class='ocrx_word' id='word_1_228' title='bbox 1061 3334 1129 3398; x_wconf 89' lang='lat' dir='ltr'>lau-</span> 
     </span>
     <span class='ocr_line' id='line_1_31' title="bbox 72 3419 1128 3508; baseline 0.006 -27"><span class='ocrx_word' id='word_1_229' title='bbox 72 3442 98 3482; x_wconf 85' lang='grc'>11</span> <span class='ocrx_word' id='word_1_230' title='bbox 113 3419 264 3486; x_wconf 88' lang='lat' dir='ltr'>dabiliter</span> <span class='ocrx_word' id='word_1_231' title='bbox 291 3421 423 3487; x_wconf 90' lang='lat' dir='ltr'>uiuendi</span> <span class='ocrx_word' id='word_1_232' title='bbox 453 3423 652 3508; x_wconf 88' lang='lat' dir='ltr'>praescripta</span> <span class='ocrx_word' id='word_1_233' title='bbox 680 3439 793 3481; x_wconf 91' lang='lat' dir='ltr'>norma</span> <span class='ocrx_word' id='word_1_234' title='bbox 822 3420 1009 3505; x_wconf 85' lang='lat' dir='ltr'>negligitur.</span> <span class='ocrx_word' id='word_1_235' title='bbox 1063 3445 1128 3506; x_wconf 92' lang='lat' dir='ltr'>quo</span> 
     </span>
     <span class='ocr_line' id='line_1_32' title="bbox 112 3505 1130 3596; baseline 0.002 -22"><span class='ocrx_word' id='word_1_236' title='bbox 112 3509 158 3595; x_wconf 90' lang='lat' dir='ltr'>fit,</span> <span class='ocrx_word' id='word_1_237' title='bbox 181 3513 218 3573; x_wconf 93' lang='lat' dir='ltr'>ut</span> <span class='ocrx_word' id='word_1_238' title='bbox 241 3515 309 3575; x_wconf 91' lang='lat' dir='ltr'>tam</span> <span class='ocrx_word' id='word_1_239' title='bbox 331 3510 397 3596; x_wconf 87' lang='lat' dir='ltr'>legi</span> <span class='ocrx_word' id='word_1_240' title='bbox 420 3511 618 3576; x_wconf 88' lang='lat' dir='ltr'>necessarius</span> <span class='ocrx_word' id='word_1_241' title='bbox 642 3505 789 3571; x_wconf 88' lang='lat' dir='ltr'>uideatur</span> <span class='ocrx_word' id='word_1_242' title='bbox 812 3528 880 3570; x_wconf 90' lang='lat' dir='ltr'>esse</span> <span class='ocrx_word' id='word_1_243' title='bbox 908 3510 1130 3596; x_wconf 84' lang='lat' dir='ltr'>magistratus,</span> 
     </span>
    </p>
   </div>
   <div class='ocr_carea' id='block_1_6' title="bbox 0 0 1204 3922">
    <p class='ocr_par' dir='ltr' id='par_1_7' title="bbox 0 0 1204 3922">
     <span class='ocr_line' id='line_1_33' title="bbox 0 0 1204 3922; baseline 0 0"><span class='ocrx_word' id='word_1_244' title='bbox 0 0 1204 3922; x_wconf 95' lang='lat' dir='ltr'> </span> 
     </span>
    </p>
   </div>
   <div class='ocr_carea' id='block_1_7' title="bbox 911 3836 1048 3868">
    <p class='ocr_par' dir='ltr' id='par_1_8' title="bbox 911 3836 1048 3868">
     <span class='ocr_line' id='line_1_34' title="bbox 911 3836 1048 3868; baseline 0 0"><span class='ocrx_word' id='word_1_245' title='bbox 911 3836 1048 3868; x_wconf 52' lang='grc' dir='ltr'>*μ</span> 
     </span>
    </p>
   </div>
  </div>
 </body>
</html>
