2400 3922
390 110 458 168 LVI.
486 111 539 166 Pet
526 113 570 166 tro
588 111 767 183 Perpiniano.
1020 115 1082 180 121

72 275 204 339 tentiam
225 297 345 340 meam:
371 296 489 339 neruos
512 296 582 339 esse
605 275 895 362 intendendos,ut
922 299 1085 343 maroem

71 363 162 429 huius
187 385 319 429 caussae
343 363 536 450 inuaderem,
557 385 623 428 non
641 364 845 448 putauit
807 363 1017 451 Stomachari,
1039 368 1085 432 mi

72 451 247 537 Corrade,
238 475 305 518 ram
328 452 541 517 desinamus'
532 474 568 517 m
585 451 689 517 aliena
711 453 807 537 culpa
830 458 863 518 et
886 454 1086 538 gratulemur

69 541 178 626 potius
211 541 277 626 ipsi
304 541 414 627 nobis,
447 540 533 626 quod
560 563 703 606 amemus
732 564 782 626 ea,
814 564 896 626 quae
923 544 1088 627 praeclara

70 635 151 698 sunt.
200 652 283 715 quae
312 630 339 694 si
367 653 468 714 paran
469 633 523 694 tur
469 629 719 695 tlaboribus
747 631 910 718 maximis,
938 631 972 696 id
1000 633 1127 716 quoda

69 719 225 785 astudio
257 718 340 784 mult
326 723 378 784 tos
406 719 459 782 det
445 722 558 802 tt,erre
587 719 897 785 molestumtamen
924 742 1088 785 essenon

71 808 175 895 debet,
200 807 288 909 quod
311 807 415 894 gloria
438 812 626 909 compensat
649 808 848 874 immortalis.
891 809 1087 896 Fragmenta

71 897 172 983 patris
196 896 261 961 mei
285 896 373 980 quod
394 896 546 982 requiris,
576 897 663 980 apud
689 920 741 961 me
766 898 856 962 nulla
880 902 968 963 sunt:
998 900 1085 963 furto

69 985 194 1072 ablata,
222 1006 287 1069 quo
315 985 408 1049 11111
394 989 540 1069 tempore
569 986 638 1049 uita
665 986 815 1072 excessit
843 988 999 1053 creditum
1028 991 1086 1053 est

70 1073 107 1140 Iu
129 1073 203 1140 Sex.
226 1073 408 1160 Empirico,
434 1073 641 1160 Palaemone,
668 1073 775 1159 Aspre
805 1080 838 1140 et
860 1076 993 1161 reliquis
1016 1099 1127 1142 mea1o

71 1163 133 1228 libi
166 1162 338 1249 diligentia
368 1184 436 1227 non
467 1162 577 1227 deerit.
628 1163 801 1250 odorabor,
835 1165 940 1229 sicubi
971 1166 1087 1250 latent3

32 1296 34 1317 .
72 1273 145 1317 nam
168 1251 205 1316 in
227 1250 374 1316 tabernis
400 1273 467 1316 non
490 1255 627 1316 exstant.
673 1252 823 1317 inuentos
846 1254 915 1318 noli
939 1254 1088 1318 dubitare

76 1340 150 1426 quin
172 1361 292 1405 eruam.
331 1362 427 1424 quam
451 1339 568 1405 uellem
590 1340 677 1405 filius
700 1340 835 1428 adesset,
861 1343 916 1426 qui
934 1343 1089 1408 Venetias

76 1430 238 1514 proiectus
261 1432 319 1492 est.
364 1432 545 1512 praestaret
568 1429 703 1515 aliquid,
731 1431 855 1513 opinor.
900 1431 979 1494 haec
1003 1432 1089 1495 enim

80 1518 180 1583 studia
206 1520 327 1583 tractat
352 1517 481 1582 nauiter
509 1522 541 1582 et
570 1517 816 1601 Grammaticos,
846 1519 885 1581 de
914 1517 1087 1603 Orthogra·
1102 1543 1128 1584 15

80 1607 150 1690 phia
178 1628 253 1672 cum
280 1605 450 1689 scriberet,
483 1606 607 1671 euoluit
635 1629 754 1671 omnes.
799 1606 889 1670 Vale.
937 1607 1087 1690 [Romae]

80 1693 126 1760 Vl
148 1696 190 1761 111.
212 1695 299 1762 Nou.
322 1693 485 1760 MDLXV.

475 1920 688 1927 ἡ*

540 2119 622 2186 LVI.

189 2261 306 2326 Petro
334 2261 570 2346 Perpiniano
598 2262 825 2348 Lugdunum
854 2270 926 2339 (VII,
940 2269 976 2337 9).

160 2403 325 2468 Amabam
358 2408 452 2468 antea
488 2425 554 2468 non
590 2403 769 2490 uulgariter
801 2424 942 2467 amorem
972 2402 1007 2468 in
1039 2425 1090 2468 me
1103 2427 1130 2469 ao

32 2516 34 2539 1
80 2496 180 2578 11111111,
208 2514 282 2558 oum
309 2491 501 2576 praesertim
524 2492 701 2557 suauitates
724 2493 759 2557 in
781 2496 814 2557 te
838 2497 945 2558 essent
967 2492 1091 2580 ingenii

78 2581 204 2666 multae,
228 2603 301 2645 rara
319 2581 477 2666 probitas,
501 2580 646 2645 doctrina
664 2604 767 2666 prope
787 2581 973 2668 singularis:
996 2604 1091 2666 nunc,

79 2691 171 2755 quam
199 2670 236 2734 in
263 2669 481 2734 exhauriendo
505 2668 669 2755 mandato,
698 2671 784 2755 quod
811 2671 959 2736 humanit
945 2675 1012 2735 tate
1034 2676 1092 2735 tua

77 2760 135 2824 fret
120 2763 176 2824 tus
205 2758 382 2823 discedenti
409 2758 472 2823 tibi
501 2757 663 2841 dederam,
692 2781 801 2825 curam
830 2764 862 2824 11
890 2758 1092 2859 diligentiam

76 2847 267 2931 adhibuisti,
296 2869 333 2910 ea
360 2869 411 2911 me
440 2847 485 2912 sio
513 2847 632 2932 affecit,
661 2852 697 2912 ut
725 2848 813 2913 omni
840 2851 873 2911 te
901 2846 999 2910 animi
1026 2843 1091 2907 mei
1105 2867 1132 2909 aa

76 2958 171 3002 sensu
196 2935 357 3019 compleat
359 2958 406 3021 ar,
434 2935 542 3000 omnia
569 2900 645 3021 tibi,
675 2937 766 3020 quasi
793 2936 863 2999 iure
892 2956 933 3015 op
936 2933 1015 2997 timo
1040 2929 1090 2994 de-

77 3024 156 3109 bita,
183 3024 291 3088 studia
314 3028 347 3088 et
370 3025 477 3088 officia
500 3024 662 3108 pollicear
709 3043 903 3107 quamquam
927 3021 965 3083 de
988 3019 1090 3084 amico

75 3135 143 3179 meo
180 3113 311 3177 duriora
343 3113 598 3213 significantt
559 3113 686 3177 litterae
718 3116 806 3194 tuae3
841 3130 922 3193 quae
955 3108 982 3172 si
1015 3130 1092 3173 uera

76 3206 158 3286 sunt,
184 3201 324 3266 amicum
346 3201 411 3266 iam
433 3224 499 3266 non
518 3202 657 3301 appello.
694 3198 831 3264 excellat
852 3196 960 3263 licet
951 3198 1092 3284 mgenio,

76 3291 183 3355 ualeat
214 3290 352 3355 indust
311 3293 387 3375 tria,
424 3312 464 3354 ex
500 3289 642 3374 antiquis
679 3289 867 3353 monument
868 3286 896 3351 is
928 3287 1092 3371 praeclara
1106 3309 1134 3350 ao

77 3400 222 3464 quaeque
242 3378 447 3443 delibauerit:
470 3379 550 3442 haec
567 3377 676 3442 inania
694 3380 779 3462 sunt,
796 3376 860 3440 nisi
877 3397 949 3440 cum
969 3376 1093 3460 optima

76 3473 184 3533 11111111
218 3471 251 3532 11
282 3466 465 3532 Christiana
496 3467 618 3552 pietate
650 3465 835 3553 iungantur.
881 3465 967 3550 quod
999 3465 1027 3530 si
1060 3485 1093 3528 se
