2430 3922
92 741 321 802 SClllBONlUS
345 740 494 803 LARGUS
519 740 549 803 C.
573 741 675 802 lllLlO
700 741 885 805 catttsto
909 743 981 805 SUO
1006 745 1035 807 S.

148 971 230 1033 luter
252 973 395 1033 maximos
418 972 565 1051 quondam
590 972 709 1033 habitus
731 974 863 1034 medicos
882 974 1072 1058 Heropbilus,

55 1061 107 1122 Cai
127 1060 185 1122 luli
203 1059 333 1142 Calliste,
355 1061 451 1122 fertur
469 1062 578 1121 dixisse
602 1061 815 1123 medicamenta
834 1063 948 1124 divinas
968 1083 1072 1125 manus

55 1168 135 1232 esse,
159 1157 189 1210 et
211 1149 242 1210 id
266 1150 385 1228 quidem
409 1168 469 1210 non
492 1153 556 1210 sine
580 1152 707 1231 ratione,
732 1159 766 1211 ut
788 1169 853 1211 mea
876 1152 935 1212 fert
957 1155 1068 1231 opinio:

54 1256 182 1317 prorsus
202 1240 282 1298 enim
300 1238 380 1317 quod
403 1245 501 1299 tactus
519 1238 638 1299 divinus
657 1239 776 1299 efficere
799 1248 911 1321 potest,
934 1240 963 1300 id
987 1259 1071 1318 prae·

55 1334 138 1387 stant
165 1327 379 1388 medicamenta
407 1345 464 1388 usu
489 1329 730 1406 experientiaque
758 1326 889 1406 probata.
934 1329 1106 1395 Animads

54 1417 203 1476 vertimus
226 1417 326 1494 itaque
350 1434 436 1494 saepe
460 1416 539 1476 inter
557 1415 786 1476 deliberationes
805 1418 1071 1495 contentionesque

54 1503 242 1565 medicorum
275 1506 451 1564 auctoritate
483 1504 740 1584 praecellentium,
768 1504 837 1564 diam
866 1512 1071 1586 quaereretur,

56 1592 201 1671 quidnam
229 1592 396 1653 faciendum
425 1601 476 1653 aut
499 1611 556 1671 qua
584 1595 698 1653 ratione
727 1593 963 1653 succurrendum
992 1603 1072 1653 esset

56 1698 158 1762 aegro,
186 1681 328 1759 quosdam
351 1681 479 1741 humiles
503 1681 622 1760 quidem
647 1688 677 1741 et
699 1680 830 1759 alioquin
854 1682 985 1762 ignotos,
1013 1700 1070 1742 usu

55 1786 128 1829 vero
153 1771 325 1850 peritiores,
350 1769 397 1830 vel
421 1802 464 1813 —
488 1769 568 1849 quod
592 1769 678 1830 fateri
700 1770 859 1848 pudet-
882 1769 968 1849 longe
992 1788 1124 1837 sum-10

55 1867 156 1919 motos
179 1875 195 1916 a
218 1857 372 1936 disciplina
401 1859 565 1919 medicinae
594 1876 627 1918 ac
651 1876 688 1919 ne
717 1859 829 1919 adfines
857 1859 978 1938 quidem
1006 1863 1071 1920 eius

56 1946 239 2026 professioni
262 1945 477 2007 medicamento
501 1947 615 2007 efficaci
639 1946 706 2006 dato
730 1950 866 2025 protinus
885 1949 966 2008 velut
988 1967 1072 2027 prae·
1118 1960 1121 1966 “

57 2037 137 2096 senti
166 2037 287 2094 numine
311 2037 392 2094 omni
419 2034 521 2095 dolore
549 2034 742 2115 periculoque
769 2034 911 2096 liberasse
940 2054 1070 2114 aegrum.

58 2122 259 2194 Quamobrem
278 2122 439 2201 spernendi
458 2131 537 2204 sunt,
560 2126 612 2202 qui
634 2123 812 2184 medicinam
831 2123 957 2202 spoliare
977 2133 1070 2202 temp-

55 2219 122 2272 tant
143 2231 202 2273 usu
224 2210 517 2292 medicamentorum,
540 2231 600 2272 non
619 2231 635 2271 a
653 2211 809 2292 medendo,
833 2210 884 2271 sed
904 2229 919 2270 a
938 2215 1070 2290 potentia
1091 2229 1123 2278 15

56 2300 226 2379 effectuque
240 2301 526 2361 medicamentorum
543 2302 583 2361 ita
598 2299 780 2382 appellatam,
798 2299 943 2379 probandi
962 2308 1070 2381 autem,

56 2391 111 2468 qui
136 2390 219 2448 omni
246 2389 333 2449 modo
363 2407 540 2449 succurrere
567 2388 804 2467 periclitantibus
832 2389 962 2450 student.
1007 2389 1070 2468 Ego

56 2484 139 2537 certe
164 2476 342 2555 aliquotiens
370 2495 509 2556 magnum
537 2480 679 2538 scientiae
703 2485 882 2539 consecutus
911 2497 977 2539 sum
1000 2481 1070 2539 titu-

56 2564 119 2626 lum
139 2585 176 2626 ex
194 2584 253 2626 usu
271 2584 415 2645 prospere
435 2565 572 2626 datorum
595 2566 878 2628 medicamentorum
903 2567 1070 2646 multosque

56 2672 93 2715 ex
117 2653 221 2714 eadem
245 2672 334 2714 causa
361 2673 422 2714 non
450 2654 629 2715 mediocrem
658 2655 779 2733 gloriam
807 2656 911 2717 tulisse
940 2658 1069 2716 memini.
1088 2671 1124 2721 to

129 2823 275 2879 Cornelius
295 2825 385 2879 celsus
404 2843 431 2892 g.
448 2824 497 2880 iul.
513 2823 630 2879 Callisto
649 2825 769 2880 salutem
787 2825 858 2879 dicit
875 2825 908 2882 L.

128 2900 145 2948 2
166 2894 198 2950 G.
217 2895 269 2949 iuli
292 2894 419 2950 cadlistae
443 2895 480 2950 L.
562 2894 671 2950 divinas
694 2911 792 2949 manus
814 2896 917 2951 Boot:
942 2895 1070 2949 divinum

56 2983 159 3020 munus
183 2965 212 3020 R
235 2967 352 3020 deorum
375 2965 579 3021 immortalium
602 2983 700 3020 manus
724 2967 772 3032 Μ;
801 2967 835 3031 cf.
857 2965 919 3022 Gal.
938 2967 988 3020 ool.
1009 2965 1070 3032 XII,

53 3053 84 3106 p.
99 3042 152 3092 966
170 3037 216 3091 K:
241 3033 356 3106 οἷόνπερ
375 3039 454 3090 θεῶν
474 3041 571 3106 χεῖρας
590 3033 664 3090 εἶναι
682 3033 718 3090 τὰ
736 3033 882 3105 φάρμακα.
955 3043 1070 3105 ‘iprae-

58 3107 219 3162 cedentium
242 3108 285 3162 M.
372 3108 450 3178 dum]
471 3124 534 3161 eum
552 3107 706 3178 Boetts'qer;
728 3108 774 3162 sed
796 3107 831 3173 cf.
849 3106 885 3160 Ε.
905 3106 1070 3174 Hoffmann,

58 3179 103 3233 die
121 3179 317 3234 Omsstruets'on
334 3179 382 3233 der
400 3180 447 3234 lot.
466 3179 666 3247 Zeitportiloeln
682 3196 710 3248 p.
728 3182 786 3231 171.
864 3179 1007 3245 quaeritur
1026 3179 1070 3234 M.

59 3248 133 3303 seit
150 3250 192 3305 M.
284 3249 429 3318 belloqui
447 3249 482 3302 L.
575 3254 608 3303 10
631 3248 677 3302 vel
700 3248 745 3302 M:
770 3250 799 3302 et
820 3247 856 3302 R.
947 3251 1070 3303 semotos

59 3319 205 3376 Rostssetee
271 3325 304 3374 12
322 3319 489 3388 professioni
509 3321 557 3374 M:
576 3319 756 3388 professionis
775 3318 811 3373 R.
877 3323 910 3371 14
925 3325 988 3388 post
1007 3320 1072 3373 sunt

61 3391 123 3445 add.
143 3391 257 3460 quidem
276 3392 319 3445 M.
393 3392 534 3461 temptant
552 3391 579 3444 L
598 3391 769 3459 plerumque:
792 3390 904 3444 tentant
926 3389 963 3445 R.
1037 3395 1071 3444 18

60 3460 226 3530 aliquotiens
244 3462 284 3516 L:
308 3460 457 3531 aliquoties
475 3462 510 3517 R.

114 3557 286 3601 Scribonius
300 3559 423 3613 Largus,
439 3560 474 3602 ed.
488 3559 628 3602 Helmrsich.
899 3554 920 3604 i
