2400 3922
454 177 670 243 ..65-

52 339 189 401 cribrum
218 341 388 401 transmissi
418 358 447 419 p.
471 339 496 401 ll
524 339 545 401 l.
595 339 675 401 Haec
707 344 739 401 in
771 360 865 403 unum
898 344 1072 425 miscentur,

51 437 242 508 reponuntur
265 446 336 489 vaso
359 428 451 490 fictili.
496 428 580 489 Facit
602 435 757 509 praeterea
785 430 821 491 ad
848 429 1019 493 lumborum
1042 440 1073 494 et

52 518 89 579 ad
114 535 234 578 emnem
257 516 392 578 dolorem
415 520 550 597 corporis
573 525 604 578 et
621 520 782 598 praecipue
801 536 970 580 nervorum.
1009 520 1071 581 hlu-

52 605 163 667 liebres
185 604 267 667 locos
286 606 464 667 durissimos
483 606 586 689 mollit,
604 624 672 668 cum
692 607 744 668 diu
762 606 828 668 aliis
847 607 1071 670 medicamentis

52 694 127 756 nihil
150 695 319 773 proiectum
343 702 396 755 est.
1091 710 1106 760 5

143 782 250 843 CLVII.
293 783 338 844 hd
365 781 537 844 lumborum
565 782 698 845 dolorem
724 783 868 864 malagma
896 785 976 864 quod
1003 803 1071 864 pro·

53 875 119 952 prie
142 871 227 933 iacit:
256 871 335 933 Picis
358 870 489 950 liquidae
513 873 658 933 sextarios
681 872 770 954 duos,
793 871 852 934 olei
874 876 985 935 veteris
1008 892 1072 936 sex-

53 963 163 1021 tarium
183 978 286 1043 unum,
305 962 422 1021 resinae
442 960 660 1022 terebinthinae
684 963 846 1024 sextarium
864 980 968 1045 unum,
986 979 1072 1024 cerae

52 1049 153 1128 pendo
177 1048 282 1109 libram
306 1057 336 1110 et
358 1050 507 1130 trientem,
526 1052 681 1128 magmatis
700 1050 798 1129 pondo
817 1051 944 1134 bessem,
967 1051 1073 1131 aphro·

52 1140 125 1199 nitri
158 1137 256 1216 pondo
293 1140 442 1199 trientem.
488 1136 633 1216 (loquitur
668 1141 719 1217 pix
757 1158 827 1201 cum
863 1138 941 1222 oleo,
974 1140 1069 1202 donec
1093 1154 1126 1204 10

54 1229 151 1306 spissa
175 1227 238 1306 liat,
266 1233 297 1286 et
324 1233 429 1307 postea
456 1226 584 1287 adicitur
615 1228 643 1287 ei
670 1229 783 1308 resina,
811 1228 918 1288 deinde
946 1246 1015 1289 cera
1043 1237 1073 1290 et

54 1314 221 1376 secundum
243 1314 320 1376 hanc
344 1333 380 1375 ex
397 1313 553 1376 intervallo
571 1332 695 1393 magma.
736 1315 794 1376 Ubi
811 1315 902 1377 habet
921 1315 1074 1395 emplastri

52 1405 180 1482 figuram
203 1403 465 1485 medicamentum,
492 1402 607 1464 tollitur
630 1402 667 1463 ab
690 1404 759 1481 igne
782 1400 855 1483 (et)
878 1422 948 1466 cum
970 1412 1073 1484 tepere

53 1493 199 1573 coeperit,
218 1491 425 1571 aphronitrum
442 1494 611 1571 aspergitur
630 1494 750 1572 sensim,
769 1511 807 1553 ne
831 1491 1073 1572 superfundatur,

53 1581 135 1661 quod
158 1583 190 1641 in
213 1580 340 1642 caccabo
364 1588 418 1642 est.
1093 1595 1126 1646 15

146 1667 267 1729 CLVlll.
311 1669 356 1730 hd
388 1669 548 1749 podagram
580 1687 649 1730 cum
672 1668 789 1729 fervore
821 1677 853 1729 et
883 1677 1001 1730 tumore
1023 1687 1073 1731 ru·

53 1757 199 1838 hicundo,
228 1776 317 1837 quam
345 1757 459 1819 caldam
485 1765 605 1838 vocant,
633 1757 710 1817 bene
733 1756 804 1818 iacit
837 1759 942 1837 primis
966 1757 1073 1820 diebus

53 1846 149 1907 herba
172 1847 343 1925 urceolaris,
362 1849 434 1907 item
453 1863 558 1906 caseus
576 1844 675 1906 mollis
695 1864 801 1907 recens
824 1863 879 1925 per
902 1864 948 1927 se3
970 1855 1075 1927 postea

55 1933 168 1996 herbae
191 1935 260 1995 salis
283 1934 426 2014 pusillum
445 1934 609 1996 admiscere
628 1941 754 2013 oportet.
791 1934 866 1996 ltem
884 1935 956 1996 facit
974 1937 1075 2014 apium

55 2023 152 2084 viride
176 2041 231 2102 per
254 2041 286 2083 se
309 2022 355 2083 vel
379 2041 447 2083 cum
470 2023 603 2104 polenta,
631 2040 687 2084 nec
711 2025 810 2084 minus
834 2022 983 2103 solanum,
1005 2041 1073 2102 por·
1093 2039 1127 2091 20

55 2113 171 2192 tulaca,
198 2111 350 2193 plantago,
380 2129 510 2190 spongea
536 2110 583 2172 vel
606 2111 720 2171 Rhodia
748 2111 794 2171 vel
816 2111 954 2173 Africana
976 2111 1074 2173 mollis

55 2220 94 2262 ex
122 2219 198 2280 aqua
226 2201 346 2282 frigida,
374 2199 440 2261 lana
468 2199 571 2260 sucida
599 2218 635 2260 ex
662 2218 730 2260 rosa
758 2206 789 2259 et
817 2201 894 2260 vino.
942 2199 1074 2261 Subinde

55 2297 157 2351 autem
180 2289 254 2350 haec
278 2290 375 2350 omnia
398 2296 515 2349 mutare
539 2295 669 2370 oportet,
692 2289 868 2366 priusquam
893 2287 1074 2348 excalefiant.

55 2377 185 2439 Prodest
207 2385 238 2438 et
260 2385 413 2439 omentum
431 2378 596 2456 caprinum,
619 2378 691 2436 item
714 2374 781 2436 iaha
798 2375 901 2438 molita
919 2394 988 2438 cum
1012 2378 1074 2437 suis

56 2466 182 2528 valvulis
206 2485 241 2527 ex
266 2473 349 2527 aceto
373 2484 442 2526 cum
465 2464 553 2526 mollo
576 2465 671 2526 diluto
695 2482 855 2544 conspersa
879 2473 910 2526 et
932 2467 1074 2545 inposita:
1094 2482 1128 2533 25

57 2556 143 2616 ducit
166 2556 247 2615 enim
270 2556 445 2632 sanguinem
468 2561 499 2614 et
522 2554 654 2615 dolorem
676 2553 762 2614 levat.
805 2553 886 2615 Bene
909 2555 1023 2616 iaciunt
1046 2562 1077 2616 et

57 2642 133 2704 mala
157 2646 250 2704 citrea
274 2661 362 2721 quam
386 2644 512 2704 maxime
536 2650 620 2704 cocta
643 2661 679 2704 ex
708 2645 785 2704 aceti
808 2645 945 2704 sextariis
969 2643 1076 2723 tribus,

56 2732 154 2793 donec
181 2730 297 2792 madida
325 2733 410 2812 liant3
442 2731 552 2811 quibus
580 2733 659 2793 tritis
691 2731 819 2793 adicitur
846 2731 985 2792 aluminis
1013 2732 1077 2790 fissi

57 2820 158 2900 pondo
182 2822 284 2901 uncia,
314 2838 433 2880 murrae
460 2819 559 2898 pondo
583 2826 710 2880 sextans.
756 2818 837 2879 Bene
864 2819 935 2879 iacit
958 2825 988 2879 et
1012 2816 1075 2878 aloe

57 2917 143 2970 aceto
167 2909 260 2969 diluta
288 2916 319 2969 et
345 2926 399 2987 per
427 2909 548 2987 pinnam
570 2905 698 2986 pedibus
720 2905 855 2985 inducta,
877 2908 950 2967 item
973 2907 1075 2984 opium
1093 2925 1128 2974 30

57 2998 134 3058 lacte
158 2996 299 3058 muliebri
321 2996 457 3058 dilutum.

148 3084 283 3147 CLVllll.
325 3085 449 3146 Mirifice
479 3102 549 3145 vero
576 3082 633 3144 hoc
658 3082 730 3142 iacit
752 3079 941 3162 cataplasma,
970 3081 1001 3141 id
1029 3088 1076 3142 est

132 3261 166 3310 13
187 3257 215 3310 et
233 3256 298 3311 add.
319 3256 365 3309 M:
384 3271 434 3310 om.
450 3254 478 3309 R
496 3255 548 3308 hac
565 3254 662 3308 cocula
681 3255 745 3307 crete
763 3251 959 3321 aphronitrum
972 3253 1075 3321 penita.

59 3331 93 3380 lli
112 3325 237 3381 caccabo
250 3326 290 3381 L:
310 3327 415 3381 cacabo
429 3324 465 3379 R.
530 3329 563 3378 16
578 3328 643 3394 port
660 3323 816 3392 podagrum
829 3323 894 3377 cdd.
913 3321 1024 3376 caldam
1039 3321 1076 3389 R,

56 3414 111 3453 om.
130 3397 174 3452 M.
248 3403 282 3452 20
301 3396 348 3451 vel
363 3397 412 3450 M:
431 3397 460 3451 eh
478 3396 515 3451 R.
584 3400 617 3449 21
638 3393 756 3464 spongia
769 3393 804 3447 R.
873 3397 907 3447 27
927 3392 1016 3447 citrea
1028 3391 1076 3447 M=

57 3466 144 3523 citria
162 3467 199 3523 R.
253 3467 389 3538 maxime]
413 3467 535 3521 maxime
557 3464 682 3534 quinque
700 3464 742 3520 M.
819 3469 853 3518 32
876 3463 959 3519 cerba
981 3462 1012 3516 id
1034 3462 1078 3518 est

58 3539 271 3610 superpositum
289 3538 526 3594 medicamentum
544 3536 654 3593 Rhodio
671 3537 802 3607 glossema
818 3536 880 3591 oisc
897 3539 972 3590 root.

115 3637 293 3678 Scribonius
307 3637 430 3688 Largus,
444 3637 479 3677 ed.
493 3635 634 3678 Helmreich.
903 3627 924 3676 h
