2430 3922
392 186 463 243 LIV.
491 186 635 259 [Andreae
652 185 791 259 oudino]
883 251 887 257 ,
1035 187 1099 254 119

77 371 142 434 que
167 370 260 413 carus
284 352 378 434 esset,
401 348 584 414 incursione
608 353 641 413 et
659 349 693 413 ui
717 349 929 413 barbararum
952 349 1099 434 gentium

78 441 288 503 uastarentur
315 437 436 524 omnia,
462 437 606 524 legibus,
633 437 793 520 moribus,
820 436 1020 522 hominibus,
1048 459 1098 502 ur-

79 526 180 590 bibus
211 526 349 610 danique
379 526 461 611 ipsis
493 530 674 592 extremum
707 525 908 609 impenderet
940 525 1099 590 exitium?

78 613 186 679 Multa
203 619 280 679 sunt
299 614 511 699 opinionibus
528 615 697 679 hominum
716 613 842 678 excelsa
861 617 957 698 atque
977 614 1097 698 ampla3

74 724 161 787 quae
193 703 222 767 si
252 703 326 788 quis
349 703 504 788 consequi
533 702 618 788 uult,
647 724 740 768 curas
770 701 939 787 suscipiat,
968 701 1126 767 laboreso

79 792 238 877 perierat,
273 792 311 857 de
344 792 417 876 ipsa
445 791 609 858 interdum
638 791 707 857 uita
737 790 938 875 periclitetur
967 812 1097 858 necesse

79 884 137 945 est.
165 879 247 945 haee
265 879 339 964 tibi,
356 880 401 945 mi
421 881 575 966 [Duditi]‚
592 879 716 968 (meum
734 880 820 945 enim
836 879 939 944 adhuc
958 879 1098 965 appello,

79 989 152 1068 nec,
175 972 215 1032 ut
237 991 348 1070 spero,
375 969 438 1071 ista
460 969 541 1035 mihi
564 973 597 1035 te
621 968 762 1055 dignitas
786 965 987 1069 immutauit)
1011 969 1098 1052 haee,

79 1058 319 1230 difficili
332 1059 528 1213 &titt
545 1062 741 1232 niidffnle
764 1057 1099 1231 {adalligati}
1114 1169 1140 1209 ω

79 1233 188 1300 studia
211 1237 269 1299 tua
291 1234 512 1302 Ferdinandus
539 1233 721 1320 Imperator
748 1235 888 1319 probet?
928 1235 991 1299 hoe
1017 1235 1098 1299 eius-

78 1322 166 1388 modi
192 1327 251 1408 est,
275 1327 311 1389 ut
334 1346 439 1409 neque
464 1325 519 1390 diu
538 1325 643 1390 solum
662 1346 731 1389 esse
750 1323 855 1407 possit
879 1327 921 1409 et,
944 1323 971 1387 si
991 1323 1098 1388 omnia

73 1417 333 1497 consequantur,
357 1413 465 1479 omnia
487 1418 597 1480 tamen
619 1434 720 1478 unum
743 1412 860 1478 uincat.
906 1411 1010 1488 Quare
1034 1411 1097 1476 isto

79 1501 230 1566 bonosio
248 1503 364 1587 fruere,
383 1502 475 1587 quasi
494 1503 584 1567 fonte
603 1506 636 1566 et
654 1501 760 1586 capite
779 1501 939 1566 bonorum
954 1500 1098 1565 omnium

79 1595 111 1654 et
141 1589 238 1675 quasi
267 1590 412 1656 omnium
441 1591 592 1656 maximo.
644 1590 732 1655 Tuos
762 1610 838 1654 uero
869 1609 995 1674 sensus,
1024 1593 1097 1654 tuas
1112 1610 1140 1652 15

79 1678 225 1744 actiones
248 1678 283 1744 in
306 1679 394 1745 omni
417 1680 487 1745 uita
513 1702 579 1745 non
602 1678 718 1744 dubito
741 1677 820 1762 quin
843 1677 884 1740 ad
906 1676 1098 1742 immortalis

78 1766 139 1832 Dei
162 1767 306 1855 gratiam
333 1769 487 1834 conferas.
534 1768 580 1833 sic
610 1767 776 1851 educatus,
806 1765 853 1831 sie
880 1765 1025 1830 eruditus
1055 1787 1097 1831 es.

80 1855 163 1922 hanc
188 1879 250 1942 ego
274 1856 338 1922 tibi
360 1857 489 1922 laudem
511 1857 697 1922 tribuebam
725 1854 934 1940 adolescenti3
961 1854 1098 1919 nuncsi

75 1966 208 2031 uerear,
236 1949 273 2010 ut
299 1945 467 2011 robustior
494 1946 588 2010 aliter
615 1944 736 2010 sentias
768 1966 805 2009 ac
833 1943 881 2008 tui
905 1948 938 2009 te
962 1942 1098 2008 dissimi-

80 2032 144 2099 lem
167 2034 339 2120 praebeas,
368 2035 485 2099 faciam
512 2033 742 2118 imprudenter.
786 2032 904 2098 Retine
927 2032 1030 2119 igitur
1052 2032 1098 2096 in·
1112 2056 1139 2096 ro

80 2123 235 2188 stitutum
263 2126 295 2187 et
318 2124 475 2207 persuade
503 2123 575 2188 aliis
603 2123 752 2207 exemplo
780 2127 836 2187 tuo
865 2143 979 2186 uerum
1002 2121 1098 2185 decus

81 2210 115 2276 in
138 2211 224 2276 bene
246 2212 364 2298 agendi
387 2212 607 2297 perpetuitate
630 2211 775 2296 positum
798 2231 881 2293 esse,
908 2208 991 2273 nihil
1018 2229 1099 2291 opes

82 2299 122 2363 ad
162 2299 308 2385 laudem,
348 2301 432 2365 nihil
471 2302 691 2386 praefecturas
733 2299 855 2383 ualere,
897 2296 1098 2360 obsolescere

83 2409 217 2471 prorsus
242 2389 403 2455 honorum
434 2390 589 2476 insignia,
620 2389 684 2454 nisi
711 2386 864 2473 splendor
891 2384 1023 2450 uirtutis
1050 2405 1098 2448 ac·

79 2477 182 2542 cedat.
220 2477 308 2562 quod
330 2478 406 2562 quia
429 2482 462 2543 te
485 2479 605 2544 sentire
628 2480 716 2543 certo
741 2477 815 2563 seio,
838 2479 1012 2559 propterea
1034 2472 1098 2538 tibi
1113 2497 1140 2539 aa

85 2586 124 2630 ex
145 2566 254 2631 animo
277 2587 417 2652 uereque
445 2567 592 2654 gratulor
618 2566 799 2632 accessione
823 2563 992 2650 dignitatis
1014 2565 1097 2628 tuae.

86 2659 117 2718 et
145 2676 342 2739 quamquam
371 2656 470 2722 uariis
498 2655 676 2721 distinebar
705 2654 803 2740 curis,
832 2653 894 2718 feci
924 2656 1034 2717 tamen
1062 2650 1098 2715 li·

87 2741 213 2830 benter,
234 2747 272 2809 ut
294 2745 378 2810 hane
401 2745 441 2810 ad
464 2749 510 2830 te,
532 2745 671 2810 indicem
693 2743 836 2808 laetitiae
858 2764 947 2807 meae
971 2744 1098 2806 testem·

84 2852 145 2914 que
162 2832 355 2917 uoluptatis,
377 2833 550 2917 epistolam
567 2834 739 2899 mitterem.
769 2832 821 2898 cui
839 2831 867 2897 si
885 2828 1099 2915 responderis,

81 2917 258 2987 iucundum
289 2921 354 2987 tibi
383 2922 483 2989 fuisse
512 2922 656 2988 officium
686 2943 795 2986 meum
825 2919 1019 3004 intelligam
1048 2916 1142 2982 sinuo

87 3007 202 3096 minus,
234 3010 410 3077 molestum
439 3016 548 3077 tamen
576 3011 675 3076 luisse
704 3030 881 3094 numquam
910 3006 1035 3090 putabo
1066 3007 1099 3068 et

89 3098 354 3183 occupationibus
376 3100 438 3166 hoc
465 3100 545 3184 tuis,
574 3099 656 3165 illud
683 3098 784 3164 amori
812 3097 963 3162 tribuam.
1008 3091 1099 3158 Vale.

88 3182 216 3273 Romae,
238 3187 311 3255 Kal
333 3187 400 3255 Ian
423 3187 604 3255 MDLXIV.
