2400 3922
366 171 435 227 LIV.
464 171 607 243 [Andreae
625 171 763 243 Duditi0.]
1011 171 1073 234 lll

523 402 606 470 LIV.

85 541 288 628 [Andreae
317 544 500 629 Duditio]
528 543 725 629 Episcopo
754 550 883 610 creato
910 554 970 625 (VI,
986 556 1039 623 aa).

138 685 218 751 Etsi
243 687 283 752 de
307 685 426 752 futuris
448 687 547 751 rebus
570 687 730 752 affirmare
749 687 921 774 grauitatis
944 690 977 752 et
999 710 1074 772 pru-

51 774 182 840 dentiae
213 797 284 840 non
316 775 457 861 uidetur,
494 774 711 841 coniecturam
743 777 829 841 enim
861 798 957 860 saepe
989 776 1074 840 fallit

52 868 191 928 euentus
225 868 259 928 et
292 863 501 929 obscuritatis
537 864 635 948 plena
671 869 746 930 sunt
779 865 899 952 omnia,
937 865 965 930 si
1001 865 1101 950 quise

52 957 163 1017 tamen
187 974 243 1017 eas
266 952 473 1038 persequitur
496 952 661 1018 diuinandi
685 955 768 1039 uias,
796 977 878 1039 quae
907 955 948 1019 ab
973 954 1074 1019 excel-

51 1039 200 1106 lentibus
239 1046 272 1107 et
304 1041 443 1129 ingeniis
476 1045 508 1106 et
540 1041 656 1107 studiis
693 1065 712 1106 a
744 1044 875 1130 cognita
907 1043 1074 1128 industria,

53 1151 72 1194 a
89 1134 243 1215 spectata
265 1130 387 1196 uirtute
407 1131 577 1217 ducuntur,
598 1132 685 1196 hunc
704 1155 764 1219 ego
785 1132 948 1217 opinionis
967 1154 1073 1197 errore

10 1227 12 1231 ’
53 1240 234 1304 numquam
261 1219 343 1308 labi,
371 1221 458 1284 hunc
488 1220 649 1304 optimum
679 1243 748 1286 esse
776 1225 885 1286 uatem
914 1220 1073 1286 existimo.

56 1329 136 1392 quae
165 1331 219 1372 me
248 1309 331 1374 ratio
354 1309 458 1373 mouit
485 1312 560 1374 ante
588 1309 712 1394 aliquot
740 1332 854 1396 annos,
884 1315 921 1374 ut
951 1310 989 1374 de
1017 1313 1075 1374 tua
1088 1329 1114 1368 ιο

57 1395 217 1482 dignitate
241 1397 459 1480 praedicerem
483 1420 533 1484 ea,
561 1420 643 1482 quae
670 1399 791 1481 partim
815 1402 986 1463 consecuta
1009 1398 1074 1462 iam

58 1489 143 1572 sunt,
168 1486 292 1569 partim
316 1486 362 1550 sic
385 1508 403 1549 a
425 1508 477 1551 me
501 1490 743 1573 exspectantur,
774 1487 866 1571 quasi
888 1487 986 1573 longe
1008 1508 1075 1550 non

59 1574 175 1638 absint.
223 1573 302 1658 quid
325 1574 410 1638 enim
438 1576 579 1661 agebant
607 1579 640 1640 et
668 1598 732 1659 quo
760 1575 953 1659 spectabant
980 1595 1074 1639 curae

59 1661 128 1728 illae
153 1667 232 1728 tuae
255 1663 297 1727 ab
321 1663 393 1746 ipsa
410 1685 513 1746 paene
532 1664 672 1748 pueritia
690 1663 881 1749 susceptae?
913 1683 1074 1747 quaeres,

61 1773 137 1834 quae
172 1774 249 1835 spes
282 1751 345 1816 tibi
378 1753 547 1837 proposita
578 1753 654 1838 fuit,
691 1775 764 1817 cum
795 1751 968 1838 Reginaldi
1000 1750 1114 1815 Poli15

60 1838 238 1905 cardinalis
267 1840 452 1905 innocentia
482 1845 515 1905 et
540 1841 660 1906 litteris
688 1841 798 1906 eximii
825 1840 1074 1906 contubernium

59 1951 91 1992 ac
113 1929 327 1995 domesticam
351 1929 614 1995 consuetudinem
639 1930 838 2015 expetebas?
880 1930 970 2016 quid,
1001 1952 1074 1995 curn

58 2015 204 2084 Lutetiae
235 2022 311 2102 post
339 2018 466 2083 obitum
492 2019 565 2083 Poli
592 2019 829 2102 Vicomercat0‚
859 2019 987 2083 Patauii
1016 2017 1074 2082 Ge-

57 2127 144 2193 nuae,
165 2107 410 2190 praestantibus
427 2107 463 2171 in
476 2107 685 2192 philosophia
698 2108 787 2194 uiris,
806 2129 937 2190 operam
951 2106 1074 2170 dabas?

15 2192 19 2197 ’
58 2196 233 2281 quidquam
262 2217 303 2259 ne
334 2197 510 2280 sequebare
537 2201 666 2281 praeter
693 2219 743 2281 ea,
776 2217 857 2279 quae
888 2195 943 2278 qui
973 2193 1073 2277 adipi·
1088 2211 1114 2250 20

58 2290 198 2368 scuntur,
223 2284 311 2348 omni
334 2284 455 2349 honore
480 2285 570 2371 digni
594 2290 627 2350 et
649 2286 811 2350 habentur
834 2287 867 2348 et
886 2282 984 2348 sunt?
1013 2305 1073 2347 nos

58 2373 186 2456 quidem
209 2376 252 2459 te,
276 2373 370 2437 amici
389 2373 448 2459 tui,
468 2374 596 2439 Patauii
618 2373 783 2458 praeclara
801 2372 908 2437 studia
926 2373 972 2436 ita
992 2394 1074 2436 com-

10 2514 12 2525 ,
57 2461 203 2546 plexum,
236 2464 273 2525 ut
306 2461 416 2526 diuelli
446 2462 503 2526 uix
533 2484 658 2549 posses,
691 2485 764 2527 oum
796 2465 829 2526 et
861 2461 1073 2527 creberrimae
1173 2484 1177 2490 ·

56 2550 316 2635 propinquorum
329 2550 457 2614 litterae
471 2551 506 2614 in
519 2551 660 2635 patriam
679 2555 851 2617 euocarent
870 2556 902 2616 et
921 2573 1074 2636 praesens

56 2638 153 2703 frater
182 2660 249 2702 non
276 2638 371 2703 modo
401 2639 586 2705 hortaretur
612 2642 653 2703 ad
680 2641 832 2726 reditum,
863 2663 976 2705 uerum
1003 2662 1072 2723 pre·
1087 2653 1113 2694 25

56 2727 146 2792 cibus
172 2727 272 2791 etiam
295 2731 421 2811 peteret
444 2733 540 2812 atque
564 2729 757 2813 obsecraret,
780 2729 813 2794 ui
838 2729 1073 2814 propemodum

56 2815 267 2901 extrusimus,
293 2816 390 2880 inuiti
414 2817 559 2904 omnin0,
586 2818 705 2902 quibus
729 2820 900 2883 carendum
922 2821 955 2881 te
979 2819 1072 2897 esset,

57 2904 145 2970 cuius
181 2905 412 2970 consuetudine
444 2905 527 2970 nihil
560 2907 700 2972 suauius.
755 2908 811 2972 sed
842 2907 889 2970 ita
921 2902 1071 2967 duximus

57 2993 208 3077 expedire
232 2997 306 3057 tuae
324 2994 421 3080 laudi,
444 3017 517 3059 curn
535 2995 800 3082 intelligeremus,
823 2996 943 3078 quanto
962 2991 1072 3052 futura

57 3087 137 3146 esset
160 3081 323 3146 illustrior
344 3082 468 3169 ingenii
490 3083 539 3148 tui
562 3085 711 3168 facultas,
734 3084 775 3147 ab
800 3083 866 3146 otio
889 3080 1071 3143 litterarum
1085 3095 1112 3136 ue

58 3171 94 3234 ad
115 3194 169 3236 res
193 3171 352 3257 gerendas
371 3173 527 3259 traducta,
550 3173 741 3256 praesertim
760 3171 795 3234 in
812 3171 876 3234 ista
894 3168 1072 3254 prouincia,

58 3257 88 3322 in
117 3281 183 3345 qua
213 3259 278 3323 tibi
310 3259 468 3325 maiorum
499 3266 630 3326 tuorum
662 3260 766 3325 uirtus
796 3259 911 3324 tritum
940 3258 1003 3322 iter
1032 3258 1072 3320 ad

60 3347 193 3430 gloriam
217 3347 415 3435 reliquisset,
442 3350 506 3415 isto
529 3349 741 3434 imperatore,
764 3369 827 3432 quo
851 3371 945 3412 nemo
970 3348 1071 3411 bonas

142 3549 159 3596 2
179 3541 225 3596 Ab
244 3557 319 3596 anno
340 3545 408 3595 1571
428 3559 480 3612 pro
499 3539 612 3597 nomine
631 3540 782 3596 asteriscus
801 3540 911 3610 positus
931 3541 981 3595 est.

1160 3540 1180 3657 t
