2400 3922
465 138 680 230 ..33-

60 329 141 409 quod
170 331 368 390 tenerrimum
391 336 437 389 est
461 330 540 409 eius,
566 327 663 389 mellis
686 328 777 391 Attici
800 329 915 391 duabus
943 332 1079 411 partibus

60 417 229 479 admixtum
257 419 419 478 attritum
446 415 536 497 hene,
567 415 713 477 cocleario
742 417 834 479 semel
861 420 892 479 in
920 418 968 481 die
995 420 1079 482 bisve

60 514 224 585 sumptum.
271 505 387 566 Profuit
414 505 515 566 multis
542 504 644 584 pulmo
667 505 765 584 vulpis
792 507 823 566 in
845 506 903 567 olla
929 508 1014 569 fictili
1043 510 1079 570 ad

60 597 195 656 cinerem
227 593 367 655 redactus
395 600 426 655 et
454 593 540 654 datus
571 611 713 654 mensura
739 593 954 657 cocleariorum
986 599 1078 658 trium

60 701 130 745 cum
151 701 247 762 aquae
267 682 378 743 calidae
397 681 510 762 cyathis
530 681 636 762 trihus,
659 684 730 744 item
753 682 855 762 pulmo
875 687 956 745 cervi
974 684 1114 749 eodemo

60 771 150 834 modo
174 771 272 832 lactus
295 778 326 832 et
349 770 444 831 datus.

151 857 294 920 LXXVII.
333 858 459 919 Prodest
487 866 517 919 et
547 858 605 920 hoc
635 858 883 921 medicamentum
912 861 1079 923 evidenter:

59 947 209 1009 Aluminis
232 948 296 1008 fissi
323 965 351 1026 p.
371 946 397 1007 X
420 945 470 1027 VI,
498 948 560 1026 opii
582 965 610 1026 p.
629 946 655 1007 X
678 946 698 1011 I.
742 947 825 1027 Aqua
848 951 953 1028 exigua
972 953 1080 1030 ,opium

60 1036 197 1116 diluitur,
220 1037 365 1097 miscetur
388 1035 511 1096 alumini
533 1043 602 1097 ante
625 1037 709 1116 trit03
738 1036 814 1098 fiunt
836 1036 950 1116 globuli
971 1041 1079 1101 ciceris

60 1124 278 1205 amplitudinis,
300 1124 409 1185 dantur
431 1126 531 1185 ieiuno
550 1131 619 1185 ante
638 1123 739 1185 cibum
757 1129 896 1204 quaterni
914 1135 965 1189 aut
985 1130 1077 1207 quini.
1100 1141 1133 1191 ιο

59 1211 125 1274 Hoc
149 1213 400 1275 medicamentum
422 1220 454 1274 et
476 1212 512 1274 ad
536 1214 689 1292 sanguinis
710 1216 897 1292 eruptionem
917 1233 953 1276 ex
976 1218 1079 1277 interi-

60 1301 167 1363 oribus
190 1300 326 1382 partihus
349 1301 420 1362 facit
443 1308 474 1361 ct
496 1300 533 1362 ad
556 1309 687 1362 veterem
710 1304 816 1364 tussim
840 1309 870 1363 et
894 1303 929 1363 ad
952 1303 1078 1382 phthisi·

62 1409 116 1452 cos
140 1389 188 1451 vel
211 1389 293 1470 alios,
316 1391 368 1470 qui
390 1389 549 1468 purulenta
574 1397 723 1453 excreant.

151 1476 306 1539 LXXVIII.
348 1477 413 1539 Hoc
436 1496 556 1558 qnoque
579 1478 829 1539 medicamentum
852 1478 887 1540 ad
915 1481 1078 1559 suspirium

60 1569 134 1628 satis
153 1566 308 1629 commode
327 1567 460 1646 prolicit:
485 1566 643 1647 Sulphuris
662 1569 721 1628 vivi
741 1586 769 1646 p.
785 1566 811 1628 X
828 1566 855 1648 I,
877 1569 951 1628 nitri
972 1586 1001 1647 p.
1016 1567 1078 1649 XS,
1098 1579 1132 1630 15

60 1655 199 1718 abrotani
232 1655 311 1734 quod
343 1654 441 1716 trihus
473 1654 574 1735 digitIs
606 1654 810 1735 conprehendi
841 1657 943 1734 possit.
999 1654 1078 1718 Haec

61 1743 292 1806 contunduntur
314 1751 345 1805 et
368 1751 508 1805 teruntur
531 1746 658 1805 curiose.
696 1742 771 1804 Cum
794 1761 869 1823 opus
892 1752 947 1824 est,
970 1744 1079 1806 dantur

60 1851 98 1894 ex
117 1832 166 1894 his
185 1831 331 1893 coclearia
349 1832 408 1893 duo
423 1850 491 1894 cum
506 1831 622 1894 duobus
637 1832 751 1912 cyathis
770 1834 847 1894 aceti
863 1832 952 1894 calidi
969 1835 1078 1895 ieiuno.

152 1919 318 1981 LXXVIIII.
352 1920 440 1981 Aliud
464 1920 714 1982 medicamentum
737 1920 773 1981 ad
793 1923 956 2002 suspirium
975 1923 1079 1984 efficax

60 2008 159 2090 valde,
188 2010 259 2070 facit
285 2017 384 2070 autem
408 2017 438 2069 et
461 2009 497 2069 ad
526 2008 696 2071 lumborum
719 2009 870 2071 diutinum
892 2009 1025 2072 dolorem
1049 2019 1080 2072 et
1098 2023 1133 2072 ao

60 2097 98 2159 ad
122 2097 271 2178 paralysin
295 2106 325 2158 et
348 2093 429 2177 <ad>
452 2096 631 2177 hydropicos
655 2095 708 2177 <et
731 2095 789 2178 ad>
818 2097 960 2160 lienosos:
988 2098 1078 2178 Bryo-

61 2186 143 2265 niae,
173 2186 203 2247 id
232 2194 279 2247 est
306 2185 388 2246 alhae
416 2187 498 2261 vitis,
528 2185 636 2246 radicis
664 2205 692 2265 p.
717 2184 743 2245 X
769 2184 837 2265 XII,
864 2187 917 2245 iris
944 2185 1078 2264 Illyricae

60 2294 89 2354 p.
115 2274 141 2334 X
170 2273 238 2355 XII,
270 2275 446 2335 ammoniaci
473 2282 574 2353 guttae
601 2292 630 2352 p.
654 2272 680 2333 X
707 2271 777 2354 XII,
807 2274 942 2351 asparagi
969 2274 1079 2335 radicis

61 2382 90 2443 p.
111 2362 137 2422 X
160 2361 211 2443 VI,
240 2361 340 2424 selllae
362 2361 447 2424 bulbi
469 2361 615 2424 erudies
642 2363 785 2422 interiore
808 2369 892 2442 parte
919 2380 947 2440 p.
967 2362 993 2422 X
1016 2361 1079 2443 XII,

60 2451 251 2530 tragacanthi
268 2470 296 2531 p.
312 2451 338 2511 X
355 2450 402 2512 VI.
435 2450 493 2512 Illel
510 2453 655 2513 miscetur
674 2452 808 2512 contusis
828 2459 857 2513 et
875 2451 965 2532 triIIs,
983 2450 1078 2513 donec
1097 2463 1133 2513 25

61 2557 150 2601 cerae
173 2539 271 2600 mollis
298 2538 406 2601 haheat
434 2547 674 2620 temperaturam.
719 2538 805 2621 Inde,
832 2557 901 2601 cum
925 2558 1000 2620 opus
1024 2549 1078 2621 est,

62 2628 151 2690 datur
171 2646 199 2707 p.
215 2627 240 2687 Χ
258 2627 271 2688 I
290 2646 359 2689 cum
379 2647 472 2708 aquae
490 2628 603 2689 mulsae
622 2628 736 2708 cyathis
755 2629 852 2690 trihus
865 2628 913 2690 vel
929 2637 1079 2709 quattuor.

152 2714 269 2777 LXXX.
297 2716 342 2777 hd
361 2725 491 2778 strumas
510 2715 677 2778 benefacit
699 2716 783 2779 radix
801 2719 971 2779 cucumeris
994 2715 1078 2777 silva-

61 2807 116 2866 tici
138 2812 225 2866 eocta
248 2824 284 2865 ex
308 2822 383 2884 aqua
406 2804 502 2866 mulsa
525 2813 555 2867 et
578 2808 648 2867 trita
671 2813 760 2884 atque
783 2807 824 2865 ita
846 2806 983 2884 inposita,
1006 2805 1078 2864 item

62 2893 199 2955 ehiscum
223 2892 328 2954 eodem
350 2893 439 2954 modo
463 2894 582 2954 Iactum.
620 2892 679 2955 Sed
702 2891 808 2953 melius
831 2894 938 2952 marini
960 2890 1078 2971 lepores
1097 2905 1132 2955 30

136 3103 151 3151 1
173 3095 266 3152 mellis
280 3097 368 3152 Attici
383 3097 492 3153 duabus
505 3097 632 3168 partibus
649 3097 697 3150 M:
715 3094 809 3151 mellis
823 3094 931 3151 duabus
948 3095 1079 3165 partibus

63 3167 155 3224 Attici
175 3167 213 3223 R.
276 3168 508 3225 scocliariorum
526 3169 560 3223 L.
625 3172 658 3221 15
678 3166 800 3236 sulpuris
818 3166 852 3222 L.
914 3164 983 3221 nitri
1005 3165 1079 3248 pX

64 3239 171 3295 selibra
188 3238 225 3306 R,
244 3254 314 3294 corr.
333 3239 422 3295 Illud.
483 3245 517 3293 16
536 3236 666 3293 abrotani
685 3237 747 3306 (stc)
765 3236 832 3292 RL.
894 3241 928 3292 18
946 3235 1079 3293 eocharia

64 3310 99 3365 L.
169 3315 202 3363 21
223 3309 372 3391 paralysen
389 3309 425 3364 L.
493 3312 522 3365 et
541 3309 577 3363 ad
595 3308 763 3378 hydropicos
782 3308 812 3361 et
830 3306 868 3361 ad
889 3307 1013 3362 lienosos
1032 3307 1079 3362 M:

65 3381 94 3436 et
113 3379 294 3450 hydropicos,
313 3381 435 3436 lienosos
449 3379 486 3436 R.
540 3377 676 3434 bruonise
689 3377 725 3432 L.
786 3384 821 3433 23
839 3376 1028 3433 hammoniaci
1041 3377 1077 3432 L.

64 3449 259 3577 {abhabeanlL
265 3451 309 3506 M.
381 3457 415 3506 27
435 3466 524 3519 aquae
543 3450 649 3505 mulsae
666 3449 714 3504 M:
735 3464 809 3518 aque
826 3448 918 3505 mulsa
935 3449 970 3504 R.
1045 3454 1079 3505 30

85 3537 213 3577 erocum
260 3564 267 3578 .

119 3618 480 3670 northamannorum.
495 3617 637 3662 Holmrsloh.
906 3614 927 3662 ‘d
