2400 3922
435 187 654 251 -79-

126 346 318 410 CLXXXXV.
363 347 523 409 Pharicum
547 358 577 410 et
606 352 705 428 ipsum
729 352 838 413 dicitur
866 372 902 413 ex
930 354 1051 434 conplu-

30 437 119 501 ribus
149 440 279 516 conponi
310 444 492 516 gustumque
525 437 635 499 habere
669 439 761 501 nardi.
814 440 921 502 Potum
953 452 1053 505 autem
1143 445 1145 450 ’

30 529 105 590 lacit
129 543 283 607 spasmon,
311 528 370 588 cito
399 529 553 588 exanimat.
604 528 789 590 Adiuvantnr
817 548 887 590 vero
914 530 987 591 laesi
1014 530 1051 592 ah

30 636 67 679 eo
93 615 236 695 saliunca,
259 615 289 676 id
313 623 359 675 est
382 616 474 677 nardo
497 615 639 697 silvestri,
663 617 901 696 quamplurima
924 637 960 680 ex
984 621 1051 681 vino

30 707 153 786 saepius
184 704 265 786 data,
297 705 370 765 item
404 704 528 767 olusatri
559 704 659 766 radice
692 714 744 767 aut
775 709 888 768 semine
916 726 952 768 ex
982 710 1086 774 vinos

29 794 109 857 dato.
162 791 243 853 Bene
276 793 347 853 iacit
377 801 408 854 et
439 793 496 853 hoc
528 793 790 857 medicamentum:
827 795 950 857 Galbani
981 799 1051 874 puri

28 881 241 964 anduum,
264 899 436 960 murraep.
460 881 598 943 {lunius
626 901 693 943 eum
722 887 802 962 passi
830 885 943 964 cyathis
966 893 1051 965 quat·

29 982 102 1034 tuor
130 970 233 1031 datum
262 969 394 1049 pondere
418 969 444 1029 ll
467 973 556 1031 unius
581 968 648 1048 [et].
693 971 757 1033 ilco
786 974 874 1034 etiam
902 974 938 1035 ad
962 992 1050 1035 omne

29 1055 187 1142 (malum)
211 1059 460 1120 medicamentum
484 1059 562 1120 lacit

121 1146 328 1209 CLXXXXVI.
374 1148 465 1210 Tauri
497 1149 649 1227 sanguinis
679 1157 783 1227 potum
816 1153 950 1229 quamvis
983 1155 1050 1231 quis
1070 1171 1102 1220 to

29 1236 153 1300 difficile
177 1235 325 1317 celaverit,
348 1235 428 1297 hunc
452 1246 551 1297 tamen
570 1238 694 1315 vestigia
713 1239 829 1297 crucris
848 1238 952 1300 relicta
970 1242 1050 1302 inter

30 1325 167 1389 dentium
191 1327 401 1385 commissuras
424 1324 564 1403 produnt.
609 1323 760 1386 Nauseant
785 1336 883 1386 autem
912 1335 942 1386 et
964 1345 1048 1405 prae-

29 1415 169 1477 focantur
194 1415 245 1493 qui
263 1412 414 1494 biberunt,
438 1431 506 1474 cum
524 1412 648 1491 gelatur.
690 1412 749 1474 Sed
769 1413 946 1475 adiuvantur
965 1423 1048 1477 aceto

29 1502 125 1568 calido
150 1505 269 1581 saepius
293 1510 363 1581 poto
387 1510 417 1562 et
440 1503 549 1562 iniecto
572 1519 627 1580 per
656 1519 687 1562 se
710 1501 758 1563 vel
781 1521 849 1563 cum
872 1505 951 1564 nitro
975 1504 1047 1565 lase-

28 1594 109 1656 rlsve
131 1592 242 1653 radice.
1069 1610 1102 1661 tu

119 1678 339 1742 chxxxvu.
385 1677 443 1740 Lac
475 1685 578 1758 potum
608 1686 638 1740 et
669 1678 797 1758 gelatum
831 1678 922 1740 odore
955 1681 1047 1759 spira·

28 1773 128 1850 tionis,
153 1772 180 1830 si
202 1787 263 1829 non
288 1767 479 1829 confitebitur
503 1770 555 1847 qni
577 1766 703 1848 laborat,
727 1776 938 1850 cognoscetur3
963 1787 1047 1848 prae·

29 1859 168 1923 iocantur
192 1867 292 1918 autem
316 1866 346 1918 et
369 1856 425 1917 hoe
448 1857 592 1917 homines.
638 1857 779 1918 Adiuvari
806 1865 906 1918 autem
929 1857 1047 1939 dehent,

29 1946 140 2031 quial)
165 1965 201 2007 eo
225 1945 369 2026 laborant,
392 1954 491 2006 menta
513 1963 601 2025 quam
624 1945 751 2025 plurima
779 1949 897 2025 saepius
921 1954 1047 2026 sumpta,

29 2040 98 2101 item
124 2035 250 2115 coagulo
274 2037 390 2117 agnino,
413 2035 561 2116 leporino,
584 2035 721 2116 porcino,
744 2036 892 2096 victoriati
914 2035 1046 2113 pondere
1065 2055 1099 2105 20

30 2144 64 2190 ex
92 2144 170 2206 aqua
200 2124 247 2185 his
275 2133 357 2185 terve
386 2124 462 2186 dato.
511 2122 639 2185 Prodest
671 2132 701 2184 et
728 2122 833 2184 laseris
866 2122 950 2184 radix
978 2142 1046 2185 eum

30 2233 117 2297 posca
142 2224 173 2276 et
197 2213 279 2275 alvus
303 2215 364 2274 acri
387 2213 498 2292 clysmo
522 2212 619 2272 ducta.

116 2300 351 2365 GLXXXXVlll.
400 2300 512 2378 Fungis
545 2302 698 2361 venenatis
726 2318 795 2361 cum
823 2302 890 2380 quis
924 2298 1045 2382 laborat,

31 2395 159 2475 primum
189 2399 312 2451 nauseat
340 2409 395 2452 nec
424 2389 585 2469 quidquam
614 2406 792 2469 magnopere
815 2390 915 2470 reicit3
942 2395 1046 2467 postea

33 2480 174 2547 stomachi
199 2481 371 2559 ventrisque
400 2486 430 2540 et
452 2478 698 2558 praecordiorum
722 2478 855 2539 infinitos
882 2477 972 2539 hahet
995 2479 1045 2541 do·
1065 2499 1099 2548 25

32 2570 114 2653 iores,
139 2577 262 2631 manant
284 2569 408 2630 sudores
431 2569 533 2648 frigidi
550 2587 605 2648 per
629 2576 720 2650 artus,
744 2570 844 2647 quiet
866 2569 926 2647 ipsi
948 2567 1046 2647 gelan-

10 2666 77 2723 ltar
104 2659 279 2738 celerrime,
306 2659 365 2718 nisi
393 2660 452 2718 cito
480 2666 684 2720 succurratur.
733 2658 918 2719 adiuvantur
946 2666 1044 2718 autem

35 2749 126 2812 radice
158 2766 206 2828 ea,
235 2765 323 2825 quam
352 2764 407 2805 nos
431 2745 560 2827 edimus,
588 2749 651 2807 acri
673 2765 761 2848 quam
784 2746 912 2825 plurima
934 2762 990 2822 per
1012 2762 1045 2802 se

37 2838 74 2899 rel
103 2855 175 2900 eum
209 2835 269 2896 sale
302 2833 477 2893 manducata
510 2836 634 2911 eiusque
667 2835 792 2912 semine,
830 2835 855 2892 si
887 2833 952 2910 ipsa
984 2848 1044 2890 non

38 2924 129 3009 luerit,
158 2933 231 3006 poto
260 2941 296 2984 ex
323 2924 399 2982 vino.
445 2918 519 2980 item
547 2927 615 2980 ruta
643 2939 679 2980 ex
708 2929 791 2979 aceto
819 2922 889 2979 trita
917 2925 948 2978 et
974 2924 1043 2995 pota
1062 2936 1097 2986 30

39 3017 145 3093 prolicit
168 3031 226 3074 nec
249 3015 348 3073 minus
371 3010 458 3070 lixiva
477 3009 587 3068 cineris
607 3025 642 3067 ex
662 3008 821 3067 sarmentis
838 3014 915 3085 pota
953 3005 1041 3067 Adiu-

40 3111 77 3165 rat
101 3113 131 3167 et
159 3105 276 3164 nitrum
304 3108 387 3161 aceto
416 3096 542 3158 dilutum
571 3104 600 3156 et
630 3094 732 3155 datum
759 3094 923 3174 eodemque
956 3095 1043 3154 modo

42 3195 103 3255 teris
131 3193 189 3253 ilos
219 3191 305 3252 datus
329 3196 359 3250 et
385 3187 444 3249 mel
472 3203 540 3246 cum
567 3192 651 3245 aceto
679 3182 806 3244 dilutum
835 3201 923 3262 quam
951 3183 1042 3262 pluri·

96 3354 112 3404 8
135 3346 263 3418 pondero
288 3358 400 3413 eqotp
381 3347 423 3412 p.⁰
445 3340 473 3396 R
501 3339 531 3393 el
556 3337 666 3393 inclusi.
757 3342 772 3390 9
801 3334 905 3389 malum
934 3335 1041 3391 addidi.

42 3420 66 3473 lt
96 3417 228 3490 difficile]
266 3415 439 3470 satiendam
474 3411 582 3466 uidetur
617 3423 674 3462 uon
709 3404 825 3461 difficile
861 3411 912 3461 cut
948 3403 1041 3461 facile.

43 3492 67 3544 'l
80 3491 162 3548 eaR.
230 3492 265 3541 25
280 3484 419 3540 stomachi
433 3482 536 3539 Boou.
529 3477 731 3535 ·stomachum
745 3477 780 3533 R
835 3475 922 3534 habel
936 3477 1041 3534 Aldus

60 3562 129 3620 ibent
147 3561 177 3617 R
253 3564 285 3612 31
306 3555 394 3611 lixiva
412 3554 440 3610 R
463 3553 561 3609 lixivia
577 3551 676 3608 Aldus
