2400 3922
470 89 692 155 ..23-

160 255 309 326 Quoniam
328 252 480 316 interdum
498 254 548 333 ita,
567 260 601 314 ut
615 253 753 335 diximus,
771 256 870 316 minus
890 258 986 317 curati
1004 275 1088 336 prae·

70 345 165 408 locari
193 342 334 404 videntur
361 350 392 405 et
420 343 546 403 maxime
575 360 643 402 cum
672 351 798 422 utraque
826 342 964 405 obturata
993 347 1088 425 spisse

69 433 244 496 necessario
272 439 343 493 sunt
375 431 519 492 foramina
549 432 679 513 narium,
708 434 776 510 quia
805 431 937 512 spirandi
964 433 1088 495 facultas

70 524 215 603 eripitur,
246 539 308 582 uon
341 519 470 582 alienum
497 528 544 581 est
576 521 667 601 scire,
698 539 756 600 qua
784 522 899 583 ratione
927 528 1088 601 utrumque

70 611 220 693 praestari
242 611 351 690 possit,
374 617 409 671 ut
431 627 528 688 neque
553 610 675 687 spiratio
694 609 902 688 interpelletur
924 627 1022 690 neque
1041 625 1123 672 res

70 699 205 762 medium
238 699 491 779 efficacissimum,
525 696 604 777 quod
638 717 692 777 per
725 698 935 778 oppilationem
972 701 1089 760 narium

70 789 212 869 efficitur,
236 786 419 848 excludatur.
456 785 583 866 Oportet
601 805 671 866 ergo
691 805 810 849 sumere
830 789 951 867 pinnam
974 789 1089 848 anseris

71 895 162 956 quam
198 878 357 937 maximam
394 873 440 936 vel
476 874 582 937 calami
618 878 770 956 scriptorii
807 875 936 937 fistulam
972 876 1088 938 modice

70 965 200 1046 plenam,
219 963 327 1026 deinde
344 972 446 1043 aptare
464 963 501 1024 ad
520 963 735 1042 longitudinem
755 967 819 1026 nasi
837 974 927 1045 atque
945 967 986 1026 ita
1005 983 1088 1045 prae·

70 1054 189 1135 cidere,
216 1061 344 1132 utraque
368 1060 453 1132 parte
475 1060 511 1113 ut
538 1053 687 1132 perforata
711 1056 763 1128 sit,
790 1054 1000 1134 involvereque
1024 1072 1090 1116 eam
1109 1071 1145 1121 10

70 1141 194 1204 lasciola
221 1143 307 1202 tenui
334 1141 424 1203 lintea
450 1143 534 1220 quasi
562 1143 664 1202 instita
688 1137 761 1222 (et)
786 1142 906 1222 explere
930 1145 1090 1204 circuitum

70 1234 151 1313 eius,
180 1230 323 1291 donicum
345 1229 481 1291 videatur
508 1236 594 1309 pator
617 1231 734 1291 narium
763 1234 939 1292 cuneatione
963 1232 1090 1310 quadam

70 1321 209 1400 recipere
237 1336 325 1398 posse
349 1318 478 1379 fistulam
505 1326 595 1399 atque
617 1321 658 1380 ita
681 1326 715 1380 ut
738 1327 784 1380 est
808 1320 1021 1381 clrcumroluta
1044 1322 1088 1380 in·

70 1425 210 1488 mergere
233 1414 318 1468 aceto
337 1409 401 1468 acri
424 1415 454 1468 et
476 1409 589 1468 inicere
608 1408 759 1468 interdum
778 1426 832 1487 per
852 1426 883 1469 se
903 1408 949 1469 vel
968 1426 1089 1489 asperso

71 1514 164 1578 super
183 1503 302 1557 acetum
321 1503 390 1557 utro
409 1495 531 1557 libuerit
545 1504 613 1558 ante
628 1496 777 1558 dictorum
795 1495 1088 1559 medicamentorum.
1109 1515 1142 1564 15

71 1585 135 1648 lloc
154 1593 258 1646 autem
275 1583 408 1645 remedio
427 1587 521 1664 magis
539 1585 585 1646 uti
604 1580 806 1667 <oportebit>,
829 1603 897 1646 cum
920 1604 975 1665 per
993 1596 1088 1647 utras·

71 1693 131 1756 que
153 1691 245 1735 nares
269 1675 390 1752 sanguis
413 1673 581 1735 abundavit.

161 1760 289 1824 XLVIII.
325 1761 370 1823 Ad
388 1761 488 1824 ulcera
507 1765 538 1823 in
561 1762 697 1823 naribus:
720 1761 838 1823 Plumbi
860 1771 986 1844 stercus,
1010 1763 1089 1843 quod

71 1853 204 1932 σκωρὶαν
230 1850 347 1933 dIcunt,
375 1869 411 1912 ex
439 1853 507 1912 vino
536 1858 566 1912 et
593 1859 711 1913 murteo
739 1851 804 1912 oleo
832 1851 947 1914 vicibus
975 1853 1089 1914 adiecto

72 1950 172 2002 terere
201 1947 333 2019 oportet,
367 1939 461 2001 donec
489 1942 618 2020 spissum
651 1941 714 2022 liat,
747 1948 777 2002 et
809 1943 850 2002 ita
881 1959 936 2020 per
968 1944 1089 2021 pinnam
1108 1960 1145 2009 eo

71 2047 159 2091 nares
184 2028 377 2109 obteguntur.

161 2116 305 2178 XLVllll.
337 2117 420 2179 Facit
438 2125 468 2178 et
486 2116 543 2178 hoc
561 2115 811 2179 medicamentum
830 2116 920 2179 bene:
943 2117 1088 2197 Pompho·

72 2206 147 2287 lygis
170 2224 200 2285 p.
221 2205 247 2265 li
270 2204 337 2286 llll,
361 2224 500 2267 cerussae
523 2226 552 2285 p.
573 2205 597 2266 ll
620 2205 688 2286 Xll,
711 2204 816 2286 hysopi
839 2223 867 2283 p.
887 2204 912 2264 ll
932 2205 981 2264 lll.
1015 2205 1089 2267 Vino

71 2294 200 2357 Falerno
220 2301 252 2354 et
269 2311 337 2354 rosa
350 2294 466 2356 vicibus
485 2294 600 2356 adlecta
619 2295 736 2375 teritur,
755 2293 849 2354 donec
868 2292 964 2354 mellis
982 2293 1090 2356 habeat

71 2390 317 2464 temperaturam.
1109 2401 1143 2451 25

161 2471 195 2532 L.
234 2470 278 2532 Ad
297 2489 415 2550 gravem
434 2471 557 2533 odorem
577 2473 695 2533 carlum
713 2467 889 2546 -1ζαιναν
908 2471 1014 2535 Graeci
1033 2473 1090 2535 hoc

72 2563 180 2623 vitium
198 2567 306 2621 vocant
322 2593 359 2603 —
377 2563 527 2640 aeruginis
546 2560 646 2640 pondo
666 2561 859 2640 quadrantem
880 2569 931 2623 aut
949 2580 1090 2642 squamae

72 2652 151 2711 aeris
184 2648 283 2729 pondo
317 2649 511 2728 quadrantem
542 2657 595 2710 aut
626 2657 784 2729 utramque
817 2669 919 2712 rerum
949 2651 1090 2730 ponderis

72 2739 249 2800 sescunciae
267 2738 299 2798 in
318 2737 414 2798 mellis
433 2737 600 2818 despumati
618 2738 717 2817 pondo
731 2739 807 2799 libra
821 2738 988 2818 decoquere
1003 2756 1089 2817 opor-

71 2826 148 2889 tebit
171 2834 204 2888 et
226 2843 261 2886 eo
285 2828 331 2887 uti
353 2826 466 2906 liquido
489 2845 543 2908 per
566 2829 695 2906 pinnam.
1108 2844 1144 2894 30

144 3039 161 3087 1
180 3031 340 3115 praefocari
353 3032 400 3087 M:
418 3031 576 3102 praefocati
588 3032 624 3088 R.
689 3039 705 3087 6
723 3029 798 3099 quod
816 3046 867 3100 per
881 3030 926 3099 (ε-
939 3044 991 3098 per
1004 3029 1090 3098 quod)

71 3103 215 3175 oppilatro
232 3102 344 3158 nerium
362 3103 483 3159 efficitur
503 3103 627 3174 Georqes.
697 3106 730 3155 10
749 3118 812 3156 eam
831 3099 877 3154 M:
897 3115 932 3153 ex
949 3099 985 3154 R.
1057 3106 1089 3155 11

71 3173 173 3231 instita
192 3174 240 3229 M:
264 3172 351 3228 insite
368 3173 405 3230 R.
477 3175 507 3230 et
529 3179 575 3229 M:
599 3191 649 3229 mn.
669 3172 705 3227 R.
779 3176 812 3226 12
831 3168 963 3225 donicum
986 3170 1090 3227 naon:

72 3245 163 3303 donec
181 3261 247 3301 cum
266 3243 295 3300 R
313 3243 401 3300 donec
418 3244 460 3299 M.
534 3251 567 3299 13
587 3242 791 3300 circumvoluta
808 3242 965 3312 inmergere
979 3242 1018 3297 L:
1038 3243 1090 3298 cir-

72 3315 268 3374 cumvolutam
285 3330 346 3370 mer
367 3332 413 3371 ere
426 3315 463 3372 R.
529 3321 561 3371 16
577 3313 797 3386 oportebiteM
811 3313 918 3370 addidi.
980 3319 1013 3368 19
1029 3329 1089 3370 sco·

72 3388 133 3443 rien
150 3388 179 3445 L
203 3386 326 3443 scoriam
373 3427 380 3441 .
452 3392 486 3441 21
507 3385 689 3456 obteguntur]
713 3385 879 3456 obriqantur
899 3385 1089 3456 (IBartltius,

73 3460 101 3514 et
118 3459 161 3517 in
178 3457 296 3515 neribus
313 3457 480 3512 infundetur
498 3456 540 3511 M.
613 3462 648 3511 26
668 3471 785 3510 ozenam
804 3455 840 3513 L.
