2400 3922
460 198 676 263 „59-

150 357 303 496 CLXbffll
341 359 389 420 Ad
413 362 557 438 viperae
580 380 735 423 morsum
759 365 916 443 proprie.

252 458 310 496 888.

150 517 313 656 CLXgpllp.
355 519 549 581 Antidotos
572 520 711 602 Zopyri.

265 617 312 656 es.

151 675 261 738 CLXX.
303 678 496 740 Antidotos
519 680 754 743 Mithridatis.
1096 697 1112 746 o

220 760 303 815 Deest
320 761 449 827 initium
467 763 501 829 cf.
520 762 582 818 Gal.
601 762 674 832 XIV,
696 768 746 819 152
764 763 804 818 K.

148 838 239 897 Acori
266 856 293 916 p.
317 837 343 897 Χ
371 836 412 919 ll,
439 839 502 917 phu
528 858 557 919 p.
582 840 608 900 Χ
630 840 657 923 1,
685 843 824 920 sagapeni
849 860 878 921 p.
903 841 929 901 Χ
956 840 995 921 11,
1023 843 1078 903 iris

56 924 193 1006 Illyricae
216 925 288 1005 pli
311 926 351 1008 11,
374 925 498 989 balsami
522 930 645 990 seminis
667 929 737 1010 pii
756 928 796 1008 ll,
819 937 905 991 rutae
928 930 1077 992 silvaticae

55 1035 85 1095 p.
105 1013 132 1075 Χ
155 1013 195 1094 ΙΙ,
218 1016 374 1093 gentianae
397 1034 425 1095 p.
445 1015 471 1075 Χ
495 1016 535 1097 11,
563 1020 647 1079 anesi
673 1038 701 1099 p.
721 1018 747 1078 Χ
770 1017 823 1100 111,
852 1018 976 1099 thlaspis
1003 1037 1032 1099 p.
1047 1017 1078 1080 ΙΧ

56 1103 97 1164 Vl
125 1112 156 1165 et
183 1105 345 1183 victoriati,
375 1122 461 1165 rosae
489 1106 589 1167 aridae
616 1106 690 1186 pli
718 1107 786 1188 1111,
813 1110 890 1188 misy
912 1106 986 1188 pli
1013 1106 1078 1189 llll,
1098 1122 1133 1171 ιο

58 1194 175 1254 acaciae
204 1210 232 1271 p.
256 1191 282 1251 Χ
310 1192 363 1274 111,
397 1197 521 1256 commis
549 1194 626 1274 pil
654 1194 695 1278 11,
727 1197 907 1257 cardamomi
936 1215 964 1275 p.
988 1196 1014 1256 Χ
1041 1196 1079 1279 11,

58 1281 184 1343 schoeni
211 1279 294 1341 lloris
321 1300 350 1360 p.
370 1280 395 1342 Χ
418 1281 456 1342 Vl
484 1290 516 1343 et
537 1285 698 1363 victoriati,
727 1287 907 1363 opopanacis
934 1283 1007 1363 pli
1031 1283 1078 1366 Vl,

59 1368 243 1450 opobalsami
265 1369 334 1448 pii
354 1368 391 1428 Vl
410 1379 441 1431 ct
458 1373 619 1453 victoriati,
643 1371 759 1450 galbani
782 1391 809 1450 p.
827 1370 853 1430 Χ
872 1370 910 1432 Vl
934 1379 965 1432 et
986 1373 1077 1433 victo·

59 1459 142 1539 riati,
166 1460 284 1518 resinae
307 1457 528 1520 terebinthinae
550 1459 678 1539 p.th
701 1469 731 1522 et
753 1462 916 1541 victoriati,
938 1458 1076 1521 rubricae

57 1547 200 1609 Lemniae
223 1566 251 1626 p.
266 1546 292 1607 Χ
310 1546 370 1607 Vll.
412 1547 499 1608 Melle
518 1549 615 1610 Attico
639 1557 670 1610 et
694 1551 761 1610 vino
781 1548 854 1610 Chio
878 1550 1077 1631 conspergito‚
1097 1561 1130 1611 15

59 1636 154 1697 donec
172 1633 282 1696 habeat
305 1637 529 1715 spissitudinem
553 1637 658 1699 mellis.
699 1637 866 1717 Reponitur
884 1639 979 1698 vitreo
999 1655 1076 1700 vase.

58 1723 161 1786 Danda
191 1731 290 1785 autem
315 1732 361 1785 est
383 1727 430 1807 iis,
454 1729 506 1804 qui
533 1726 642 1787 malum
670 1727 921 1787 medicamentum
944 1743 1077 1804 sumpse·

58 1822 145 1896 runt,
168 1812 253 1873 fabae
276 1814 437 1893 Aegyptiae
461 1815 665 1893 magnitudine
689 1833 726 1875 ex
746 1816 808 1875 vini
831 1817 921 1896 meri,
945 1816 971 1875 si
993 1821 1076 1894 pote·

58 1905 112 1983 rit,
137 1901 251 1982 cyathis
276 1920 343 1962 sex:
371 1903 418 1962 sin
440 1904 549 1985 minus,
576 1905 662 1965 mixti
684 1906 833 1964 meracius
857 1903 970 1984 cyathis
994 1911 1077 1983 quat·

59 2000 129 2053 tuor
153 1989 271 2051 cotidie.
318 1989 356 2051 Et
379 2009 396 2051 a
420 2001 559 2071 serpente
588 1992 676 2053 laesis
700 1993 795 2053 danda
821 1994 890 2053 erit:
921 2011 957 2052 ex
980 1990 1076 2052 mulso
1096 2005 1130 2054 20

60 2088 170 2160 autem,
189 2097 318 2159 quorum
337 2081 421 2140 iecur
436 2079 545 2141 durum
565 2087 612 2140 est
631 2088 682 2141 aut
700 2083 818 2160 arquati
837 2087 909 2141 sunt
923 2087 954 2140 et
968 2080 1077 2159 quibus

60 2169 194 2248 alioquin
226 2169 343 2228 urinam
375 2186 494 2228 movere
527 2169 690 2230 studemus.
738 2168 796 2229 Sed
824 2168 907 2228 labae
934 2171 1078 2229 nostratis

59 2256 267 2337 magnitudine
287 2256 494 2337 tussientibus,
514 2257 608 2318 oculis
627 2257 840 2337 laborantibus,
858 2255 935 2316 latus
952 2256 1077 2316 dolenti-

58 2346 131 2427 bus;
159 2354 294 2406 ceterum
321 2345 526 2424 magnitudine
550 2346 657 2407 ciceris
681 2345 832 2425 coeliacis3
861 2340 1077 2424 <febricitanti-

57 2432 140 2517 bus>
164 2467 207 2477 -
230 2433 355 2514 prodest
377 2435 457 2494 enim
481 2434 580 2495 ethis
604 2466 646 2478 -
666 2436 759 2496 viciae
782 2433 985 2512 magnitudine
1008 2439 1076 2494 ante
1096 2445 1131 2496 25

58 2524 264 2586 accessionem
283 2521 427 2603 febrium3
451 2525 597 2606 tetanicis,
617 2523 856 2604 opisthotonicis,
875 2540 1076 2603 spasmocor·

57 2615 155 2692 replis
179 2644 222 2654 -
247 2611 366 2671 adiuvat
394 2613 474 2672 enim
502 2631 554 2673 eos
580 2647 625 2656 -
652 2612 749 2693 lupini
776 2612 993 2692 magnitudine,
1024 2611 1076 2672 sed

58 2719 129 2764 cum
153 2718 245 2779 aquae
270 2699 383 2779 cyathis
407 2699 513 2761 tribus.

152 2787 276 2850 CLXXI.
322 2787 481 2849 Antidotus
508 2788 613 2868 Apulei
638 2788 716 2850 Celsi
743 2790 960 2866 praeceptoris,
988 2803 1077 2865 quam

58 2879 223 2959 quotannis
248 2876 436 2955 conpcncbat
460 2883 490 2936 et
513 2894 622 2954 genere
647 2877 774 2955 quodam
797 2874 917 2953 publice
940 2872 1076 2934 mittebat
1095 2890 1130 2938 30

60 2966 250 3045 Centuripas,
273 2965 353 3026 unde
377 2973 462 3026 ortus
486 2971 562 3044 erat,
586 2966 655 3044 quia
678 2965 710 3023 in
733 2962 833 3023 Sicilia
856 2961 977 3041 plurimi
1000 2961 1077 3021 fiunt

58 3054 172 3117 rabiosi
201 3072 299 3114 canes.
345 3053 429 3114 Facit
457 3055 537 3113 enim
565 3053 600 3112 ad
633 3051 740 3112 horum
772 3068 906 3110 morsum
938 3051 1076 3128 protinus

59 3144 182 3224 quidem
202 3143 269 3202 data
287 3161 342 3221 per
362 3142 426 3203 dies
445 3143 576 3222 triginta,
599 3142 640 3201 ita
660 3146 693 3199 ut
712 3156 814 3220 aquae,
837 3138 866 3198 id
887 3139 934 3197 est'
951 3136 1076 3216 liquoris

136 3355 170 3404 17
189 3348 291 3404 Danda
309 3364 368 3419 epo:
387 3347 517 3402 Dandum
531 3347 566 3403 R.
626 3345 661 3401 iis
680 3346 791 3414 scripsi:
809 3343 853 3399 hie
867 3343 903 3398 R.
964 3347 998 3397 21
1014 3341 1077 3410 aui]

59 3422 111 3478 aut
141 3420 191 3489 qui
220 3419 310 3475 Rhoe.
388 3423 423 3472 23
450 3417 646 3488 magnitudine
673 3416 776 3472 Ritodu
808 3412 1011 3484 magnitudinis
1039 3411 1076 3465 R.

56 3490 352 3620 tiplidofoppicituuiibus
376 3490 483 3544 addidi.
557 3495 591 3544 25
614 3487 808 3559 magnitudine
830 3486 942 3556 scripsi:
966 3498 1077 3554 magm-
