2430 3922
339 166 478 238 XXXVII.
506 176 606 238 Ioanni
624 183 773 240 sambuco.
1022 184 1063 250 79

477 448 638 514 XXXVII.

189 590 323 657 Ioanni
352 590 538 656 Sambuco
565 591 769 657 Patauium
797 600 855 672 (IV,
870 601 925 669 30).

136 751 212 837 Ego
236 773 313 816 uero
337 755 470 834 accepto
493 750 610 815 nuncio
639 750 677 814 de
702 751 795 816 obitu
817 751 910 817 filioli
933 753 996 817 mei
1020 753 1066 818 ita

48 863 119 906 sum
142 840 370 924 perturbatus,
397 843 433 903 ut
460 861 512 902 me
535 843 644 903 tamen
670 839 835 905 hominem
863 862 933 905 esse
956 843 1066 906 memi-

49 929 153 994 nerim
177 932 210 993 et
232 927 326 992 illum
347 927 382 991 in
405 927 488 991 hanc
507 927 618 1011 uitam,
641 931 806 1012 tamquam
825 928 860 992 in
877 929 1066 1014 hospitium,
1094 954 1106 994 1

51 1016 95 1082 ita
123 1039 197 1081 esse
229 1015 424 1102 ingressum,
460 1020 496 1081 ut
526 1015 630 1080 accitu
660 1017 778 1080 summi
805 1017 866 1082 Dei
901 1023 1068 1083 aeternum

51 1106 130 1172 illud
144 1104 284 1170 caeleste
300 1104 498 1168 domicilium
515 1104 679 1188 petiturus
693 1105 865 1189 aliquando
884 1105 1069 1171 diseederet.

53 1194 137 1280 quod
168 1194 198 1258 si
230 1215 281 1257 me
314 1215 407 1258 casus
437 1193 498 1257 iste
528 1215 588 1257 nec
615 1193 768 1277 opinatus
795 1193 841 1257 ita
868 1195 1070 1281 perculisset,

54 1289 87 1348 11
117 1282 252 1349 omnino
284 1278 434 1366 iacerem,
467 1281 624 1346 excitarer
652 1286 762 1347 tamen
784 1282 956 1366 prudentia
985 1283 1071 1348 litte-

54 1394 162 1436 rarum
184 1376 329 1456 tuarum,
351 1371 386 1434 in
410 1369 529 1455 quibus
553 1370 591 1434 de
614 1370 704 1435 luctu
727 1370 900 1437 minuendo
924 1372 1070 1457 disputas
1085 1399 1111 1439 10

55 1460 184 1546 egregie
212 1464 366 1542 tuamque
394 1459 536 1524 declaras
563 1463 634 1523 tum
661 1459 792 1524 homine
816 1459 997 1525 Christiano
1026 1461 1071 1525 di-

55 1571 152 1635 gnam
175 1547 370 1632 bonitatem,
400 1551 471 1612 tum
499 1570 576 1634 erga
598 1570 649 1611 116
678 1548 938 1612 beneuolentiam
962 1549 1071 1633 singu-

54 1637 162 1701 larem.
210 1657 324 1700 uerum
352 1658 426 1722 ego,
454 1637 576 1720 optime
600 1635 765 1719 Sambuei‚
792 1634 905 1700 multis
934 1636 999 1700 iam
1026 1638 1071 1700 11-

55 1725 208 1790 fortuniis
248 1725 311 1788 hoo
347 1746 419 1788 sum
457 1729 635 1809 assecutus,
681 1729 718 1788 ut
763 1725 926 1789 fortunam
967 1724 1072 1809 ipsam

57 1813 224 1878 didicerim
247 1817 459 1878 contemnere.
506 1835 587 1897 quae
610 1812 704 1898 mihi,
732 1817 769 1877 ut
798 1812 915 1896 eripiat
938 1813 1071 1899 reliqua,
1087 1838 1112 1880 15

56 1924 233 1986 numquam
255 1901 375 1964 adimet
405 1923 455 1984 ea,
489 1922 570 1985 quae
602 1923 661 1965 nec
691 1901 763 1985 ipsa
793 1901 881 1966 dedit
910 1924 969 1967 nec
998 1903 1072 1967 dare

61 2171 173 2251 spectu
196 2171 230 2230 et
253 2166 484 2231 consuetudIne
507 2166 694 2231 caelestium
716 2167 910 2251 animorum,
932 2188 998 2230 non
1021 2189 1073 2229 an·

62 2257 145 2341 gitur
175 2254 275 2340 curis,
306 2277 372 2320 non
400 2277 457 2339 spe
488 2255 628 2341 ducitur,
659 2255 743 2319 nihil
772 2256 866 2319 timet
894 2254 1073 2319 aduersum.
1088 2281 1114 2321 10

62 2349 91 2408 11
115 2367 191 2428 1101,
225 2343 281 2427 qui
309 2342 445 2408 dicimur
474 2343 597 2430 uiuere,
630 2343 749 2428 quibus
778 2344 839 2407 hac
866 2342 965 2407 falsae
992 2343 1074 2408 lucis

63 2454 153 2498 usura
184 2431 269 2496 nihil
301 2435 349 2495 est
379 2431 497 2513 carius,
530 2455 626 2515 quam
656 2432 758 2494 111111
789 2431 960 2495 exercent?
998 2431 1076 2516 quid

63 2520 259 2606 laboramus,
292 2519 371 2604 quid
400 2519 561 2604 cupimus,
594 2519 680 2603 quod
710 2519 808 2583 etiam
840 2519 868 2583 si
899 2521 1075 2606 contingat,

64 2611 185 2675 animus
216 2607 422 2693 acquiescat?
463 2607 573 2691 itaque
610 2629 685 2672 uere
722 2608 884 2691 sapientes
921 2609 1076 2693 homines,

64 2719 122 2763 101
151 2703 191 2763 11
224 2698 292 2783 diu,
324 2696 382 2761 sed
414 2701 451 2760 ut
482 2700 569 2760 recte
602 2700 634 2760 et
662 2718 735 2760 cum
767 2696 890 2760 uirtute
919 2697 1077 2781 uiuerent,
1090 2723 1116 2763 11

65 2792 171 2871 optare
196 2786 286 2851 soliti
310 2789 394 2850 sunt.
442 2786 528 2870 quod
551 2784 699 2869 equidem
722 2807 821 2849 conor
843 2789 888 2870 et,
912 2790 948 2850 ut
972 2807 1076 2869 spero,

67 2896 247 2959 consequar.
283 2873 367 2938 nihil
390 2873 477 2938 enim
500 2874 603 2959 magis
623 2873 740 2959 cogito,
763 2895 861 2957 quam
884 2878 920 2936 11
939 2873 1077 2936 seruiam

66 2964 175 3028 studiis
212 2960 294 3026 meis
327 2967 359 3025 et
391 2962 438 3026 ita
470 2961 592 3046 uiuam,
630 2966 667 3026 ut
698 2962 785 3026 uitae
817 2961 976 3025 rationem
1007 2958 1076 3024 Deo

66 3050 157 3116 simul
182 3055 215 3114 61
238 3049 427 3114 hominibus
451 3049 622 3133 aliquando
646 3050 770 3134 possim
792 3048 931 3113 reddere.
974 3047 1077 3124 Quare

68 3160 133 3203 cnm
161 3161 215 3203 me
243 3159 341 3203 uocas
369 3138 410 3202 ad
437 3137 656 3223 scribendum,
686 3139 916 3202 confirmantur
943 3136 1076 3201 consilia
1092 3164 1118 3204 10

10 3268 16 3329 ,
67 3248 131 3292 mea
145 3226 267 3293 iudicio
282 3231 349 3291 tuo.
381 3248 418 3290 ac
436 3231 473 3291 tu
493 3226 622 3310 quidem
640 3227 675 3291 in
692 3227 754 3291 hoc
769 3225 874 3291 officio
890 3226 1079 3291 cohortandi

11 3334 15 3397 f
69 3316 140 3381 facis
169 3316 271 3400 idem,
300 3314 387 3399 quod
413 3314 517 3379 multi.
564 3315 683 3399 quibus
710 3314 803 3380 facile
831 3336 961 3398 possem
988 3316 1079 3380 satis-

151 3550 168 3598 3
189 3541 296 3598 ‘filioli’
317 3541 494 3614 Hieronymi,
514 3542 564 3612 qui
581 3543 712 3613 Ragusae
730 3544 856 3598 mortuus
875 3544 945 3597 erat.
