2400 3922
154 109 218 173 144
450 110 547 168 LXIX.
571 109 691 165 Camillo
709 107 867 165 Palaeotto.

604 342 715 408 LXIX.

282 484 443 551 Camillo
467 485 673 550 Palaeotto
696 485 910 549 Bononiam
932 494 982 564 (X,
998 493 1034 560 7).

239 628 367 692 Putasti
389 650 430 692 ne
449 650 603 712 umquam
625 627 704 710 fore,
726 632 764 692 111
787 648 848 712 ego
872 647 924 690 me
947 625 1150 690 Romanarum

150 717 398 801 occupationum
413 739 429 779 1
444 716 583 781 uinculis
597 716 792 780 eximerem?
820 718 907 779 certe
926 715 1050 779 factum
1067 715 1149 779 uides.

123 828 208 871 cneo
241 805 322 869 mihi
357 805 447 869 uenit
477 805 512 869 in
546 809 688 869 mentem
725 805 794 869 eius
830 803 959 868 consilii
992 803 1148 888 paenitere.

149 894 228 978 quin
243 893 385 976 quotidie
400 893 504 979 magis
519 893 674 979 gratulor,
693 893 780 978 quod
797 892 854 956 ilia
872 892 1069 978 reliquerim,
1086 892 1151 956 haec

147 981 208 1045 sim
241 981 388 1065 adeptus:
427 980 513 1066 quod
546 983 587 1046 ab
622 982 709 1046 omni
748 1003 824 1046 cura
854 980 941 1045 liber
974 981 1043 1045 otio
1076 982 1151 1045 fruar

145 1069 387 1154 honestissimo,
420 1070 507 1154 quod
538 1092 575 1134 ea
602 1092 688 1135 nunc
717 1070 854 1154 denique
885 1069 994 1134 studia
1026 1069 1152 1134 recolere

146 1157 227 1222 mihi
254 1157 364 1245 liceat,
392 1182 411 1222 a
439 1159 559 1243 quibus
587 1159 766 1224 disiunctus
792 1162 842 1223 tot
870 1179 973 1223 annos
998 1159 1082 1243 uixi,
1108 1154 1151 1221 uel

106 1247 257 1330 1opotius
281 1247 376 1331 plane
408 1270 474 1313 non
502 1247 579 1313 uixi.
631 1270 713 1332 quae
741 1247 827 1312 enim
854 1250 965 1331 potest
997 1268 1067 1312 esse
1094 1246 1152 1311 11111

145 1335 214 1400 sine
237 1335 379 1402 litteris?
409 1337 518 1401 ualeat
545 1336 694 1421 ambitio,
724 1336 851 1401 fucatus
880 1357 978 1421 opum
1003 1335 1150 1421 splendor.

144 1424 228 1488 nihil
251 1429 309 1511 est,
333 1426 515 1510 quodcum
538 1424 730 1490 suauissima
746 1424 908 1490 librorum
931 1424 1153 1489 consuetudine

145 1514 284 1579 conferri
307 1514 377 1579 iure
401 1515 513 1599 possit.
560 1535 622 1598 qua
645 1517 754 1578 mente
777 1535 851 1578 cum
874 1535 993 1598 essem,
1017 1511 1151 1579 commisi

144 1607 262 1687 tamen,
285 1608 322 1668 111
346 1604 440 1668 aliter
463 1603 600 1669 sensisse
623 1603 743 1684 uidear,
767 1624 839 1667 cum
858 1602 1056 1667 sententiam
1073 1625 1152 1667 num·

104 1716 129 1755 11
146 1713 242 1774 quam
265 1692 468 1756 mutauerim.
513 1691 652 1756 named
675 1692 790 1756 urbem
807 1691 946 1755 Romam
969 1713 1008 1756 eo
1034 1690 1152 1775 quiden

143 1779 277 1843 oonsilio
306 1801 378 1843 sum
405 1782 584 1864 profectus,
612 1779 796 1844 domesticis
824 1783 860 1844 ut
883 1779 1069 1846 rationibus
1091 1801 1152 1845 con·

142 1863 294 1950 sulerem,
323 1866 421 1930 simul
448 1871 557 1931 tamen
584 1867 618 1930 id
645 1872 808 1951 speetanS,
837 1889 878 1932 ne
909 1868 1042 1934 delicias
1065 1891 1151 1953 meas,

142 1953 336 2038 optimarum
355 1955 461 2020 studia
482 1955 674 2042 litterarum,
693 1979 827 2040 prorsus
846 1957 1037 2022 desererem.
1067 1957 1153 2022 aliter

141 2043 265 2109 cecidit.
312 2044 385 2128 quis
412 2067 464 2109 me
495 2049 623 2110 accuset
652 2045 910 2111 inconstantiae?
947 2046 1029 2111 uicit
1057 2067 1151 2111 mean

100 2158 127 2198 1ο
141 2134 343 2199 uoluntatem
370 2138 516 2219 potestas
543 2157 667 2219 eorum,
696 2134 827 2218 quibus,
859 2137 897 2198 ut
928 2157 1073 2218 aequum
1102 2138 1151 2220 est,

139 2245 206 2287 non
228 2224 337 2288 minus
358 2223 500 2290 libenter
524 2247 619 2308 quam
641 2223 821 2289 necessario
845 2223 948 2307 parui.
987 2224 1045 2288 sed
1063 2225 1151 2289 mitto

139 2312 322 2392 praeterita.
370 2313 460 2396 quasi
485 2313 583 2396 enim,
608 2336 644 2377 ea
668 2314 744 2376 dum
766 2311 907 2398 attingo,
934 2312 1081 2379 uulneris
1103 2314 1152 2378 ob-

139 2397 268 2462 ductam
290 2422 395 2482 prope
423 2401 604 2465 cicatricem
627 2423 757 2465 renouo.
802 2400 940 2466 Hieme
969 2401 1151 2487 propinqui,

138 2485 326 2572 familiares,
355 2488 426 2550 noti
455 2488 579 2570 pariter
608 2492 705 2572 atque
735 2489 855 2574 ignoti,
884 2489 1076 2555 redeuntem
1105 2513 1151 2555 111-

98 2597 124 2637 11
139 2595 252 2657 cepere
283 2573 454 2659 uoluptate
487 2591 630 2640 summa.
672 2577 797 2642 Vrbem
830 2578 969 2662 priuatis
1001 2579 1152 2644 aedificiis

138 2662 368 2749 elegantiorem
401 2668 433 2727 et
469 2664 611 2748 publicis
643 2665 798 2750 operibus
835 2667 1151 2753 magnificentiorem,

138 2775 235 2838 quam
258 2752 460 2838 reliqueram,
483 2753 602 2841 inueni,
621 2760 801 2842 praeterea,
825 2778 1021 2840 quamquam
1046 2758 1153 2821 arden-

136 2847 170 2908 te
189 2843 286 2928 bello,
308 2843 490 2930 florentem,
514 2849 550 2909 ut
565 2845 600 2910 in
618 2868 743 2911 summa
761 2867 855 2930 pace,
874 2845 972 2909 rebus
993 2846 1151 2929 omnibus,

138 2956 221 3016 quae
244 2934 297 2999 uel
319 2933 360 2997 ad
381 2955 477 2998 usum
500 2934 646 3019 corporis
665 2935 718 3000 uel
731 2935 772 2997 ad
789 2934 888 2998 animi
907 2933 1152 2999 delectationem

96 3043 122 3080 eo
136 3023 311 3103 pertinent.
349 3045 412 3108 quo
443 3023 550 3088 dolere
577 3022 740 3087 interdum
768 3043 805 3085 ac
832 3044 934 3104 paene
965 3044 1153 3088 succensere

135 3108 217 3173 mihi
241 3134 353 3197 cogor,
379 3112 434 3196 qui
457 3116 509 3177 tot
532 3111 640 3194 bonis,
664 3113 755 3174 tanta
777 3110 1029 3196 tranquillitate,
1061 3116 1151 3177 tanto

116 3195 234 3260 etiam
260 3201 422 3265 nobilium
449 3201 592 3265 uirorum
620 3220 697 3282 erga
724 3219 775 3260 me
798 3220 907 3262 amore
929 3203 997 3263 tam
1022 3200 1078 3265 diu
1100 3222 1151 3265 me

135 3306 241 3348 carere
270 3287 332 3350 sim
355 3311 478 3370 passus.
523 3286 605 3352 lucri
627 3290 737 3350 tamen
764 3285 796 3348 id
819 3285 941 3351 factum
965 3292 1027 3374 est,
1057 3289 1151 3374 quod,

133 3372 196 3437 nisi
215 3372 290 3438 hine
310 3375 526 3441 discessissem
545 3376 663 3459 diuque
681 3373 866 3461 abfuissem,
888 3376 968 3439 haec
985 3376 1060 3460 ipsa
1078 3400 1152 3461 pro·

93 3483 119 3524 11
133 3461 384 3547 fectio,·quibus
406 3486 492 3528 nunc
515 3487 554 3528 ex
578 3462 749 3527 interuallo
772 3463 970 3547 recuperatis
989 3464 1151 3530 iucundis-
