2400 3922
517 135 737 201 „52..

120 304 196 367 tollit
219 303 388 364 inflationes
411 300 469 362 coli
492 308 521 361 et
545 301 642 360 omnis
666 299 760 379 partis
782 297 935 378 corporis3
959 297 1034 357 facit
1054 304 1084 357 et
1104 297 1135 357 ad

119 392 264 454 stomachi
288 390 507 452 imbecillitates
526 397 556 450 et
575 389 611 449 ad
631 389 842 449 intestinorum
863 384 979 465 alioqui
999 385 1135 464 dolorem,

120 500 210 562 quem
238 481 345 542 Graeci
377 474 506 561 στρόφον
536 477 698 558 appellant,
731 494 767 536 ex
800 493 878 554 aqua
909 474 1062 555 hysopum
1092 482 1136 536 aut

120 579 217 632 rutam
243 571 395 631 decoctam
423 568 560 630 habente.
601 566 676 626 Item
699 566 775 626 bene
799 564 871 625 iacit
899 563 936 624 ad
967 567 1136 644 sanguinem

86 673 101 721 a
122 668 152 721 et
171 678 207 721 ex
225 661 368 720 interiore
388 665 486 736 parte:
510 674 570 716 non
589 657 669 717 enirn
687 656 800 733 patitur
818 652 876 714 late
896 653 965 714 fieri
984 672 1041 714 nec
1060 655 1136 715 intus

122 748 229 810 vulnus
253 749 400 826 converti,
428 746 481 806 sed
507 747 566 806 cito
590 745 750 825 supprimit
778 744 955 822 sanguinem
980 750 1011 804 et
1036 742 1136 804 vulnus

123 839 202 916 cogit
225 839 314 897 coire.
360 834 494 894 Dandum
522 841 621 894 autem
650 833 698 894 his
725 832 979 893 medicamentum
1003 850 1041 892 en
1069 850 1138 911 aqua

121 924 222 1004 polion
241 927 392 984 incoctum
411 921 539 982 habente
559 930 611 983 aut
629 931 735 983 rutam.
772 921 900 982 Prodest
919 928 951 981 et
969 923 1136 983 torminosis

122 1020 151 1073 et
171 1011 308 1072 coeliacis
328 1011 430 1072 datum
449 1029 485 1071 ex
508 1029 584 1090 aqua
608 1010 821 1072 centunculum
844 1009 972 1070 herbam
994 1012 1136 1071 incoctam

71 1114 103 1163 10
121 1100 258 1180 habente,
283 1117 371 1178 quam
390 1099 495 1160 Graeci
514 1100 685 1181 yvapattda
704 1099 821 1178 dicunt,
839 1098 887 1159 vel
906 1099 998 1160 sorba
1017 1099 1065 1160 vel
1083 1098 1137 1160 slli-

121 1205 209 1268 quam
230 1187 389 1268 Syriacam.
426 1187 561 1249 Lienosis
582 1188 669 1249 datur
692 1207 728 1248 ex
752 1186 848 1249 mulso
867 1187 915 1248 rel
937 1207 1029 1268 passo
1049 1206 1136 1268 aquae

120 1279 230 1338 mixtis.
272 1277 384 1338 Eodem
407 1277 496 1338 modo
520 1277 650 1338 dandum
674 1285 721 1338 est
744 1285 774 1338 et
798 1279 856 1358 eis,
887 1278 940 1356 qui
966 1280 1138 1357 sanguinem

120 1385 176 1446 per
199 1369 316 1427 urinam
339 1365 386 1427 vel
409 1366 512 1428 alvum
530 1367 668 1448 reddunt,
692 1384 747 1427 nec
771 1367 871 1427 minus
895 1368 989 1427 etiam
1011 1368 1137 1429 mulieri·

121 1455 192 1536 bus,
230 1474 306 1535 quae
338 1455 432 1516 fluore
465 1455 691 1534 sanguinolento
723 1455 918 1535 infestantur,
953 1455 1036 1535 quod
1070 1457 1138 1538 ῥοῦν

70 1555 103 1604 15
122 1539 254 1624 ἐρυθρὸν
268 1543 374 1605 Graeci
388 1544 500 1625 dicunt,
515 1544 562 1605 vel
576 1562 611 1604 ex
626 1551 714 1622 partu
728 1544 871 1605 abortuve
882 1541 990 1623 [quae]
1004 1545 1138 1606 residuos

123 1633 226 1693 vulvae
241 1632 359 1694 dolores
373 1633 492 1714 habent,
507 1635 582 1694 etin
597 1641 705 1713 totum,
721 1632 830 1712 quibus
845 1634 1083 1712 supprimendus
1098 1641 1139 1696 est

122 1721 200 1781 liuor
219 1729 271 1782 aut
291 1740 326 1781 ex
346 1721 442 1801 ailqua
461 1729 545 1801 parte
565 1723 699 1800 corporis
719 1721 991 1794 inflatio-tollenda.
1025 1723 1139 1803 Recipit

123 1817 221 1869 autem
240 1809 327 1870 haec:
347 1809 453 1887 Spicae
472 1811 570 1890 nardi,
590 1812 678 1891 costi,
697 1811 810 1890 piperis
829 1810 901 1890 albi,
919 1813 1037 1890 piperis
1056 1815 1138 1892 nigri,

122 1898 235 1976 piperis
251 1895 344 1979 longi,
363 1915 492 1977 murrae,
511 1899 585 1979 opii,
602 1898 780 1978 Apollinaris
794 1899 912 1979 radicis
928 1898 987 1977 [et]
1004 1903 1140 1982 cinnami,

70 1987 213 2065 edmari,
236 1988 330 2067 acori,
355 1987 440 2067 turis,
463 1985 613 2048 brassicae
633 1990 764 2067 seminis,
788 1990 929 2070 castoreI,
953 1990 1138 2067 singulorum

123 2093 150 2153 p.
166 2074 191 2134 II
211 2074 278 2157 XII,
297 2078 475 2154 opopanacis
493 2075 559 2155 pil
574 2076 613 2158 X,
633 2077 810 2157 stoechadis,
829 2077 930 2158 dauci,
949 2081 1023 2157 ami,
1042 2081 1139 2157 singu·

123 2163 220 2226 lorum
239 2184 267 2245 p.
283 2164 309 2224 ii
328 2164 433 2246 XVIII,
452 2165 556 2227 seselis
571 2166 681 2227 Cretici
699 2165 767 2246 pli
786 2164 902 2225 XXIIII.
934 2165 993 2226 Mel
1009 2167 1140 2228 Atticum

123 2255 281 2336 1niscetur3
310 2255 397 2316 datur
421 2274 481 2316 non
508 2254 575 2334 plus
599 2274 688 2334 quam
711 2255 736 2314 ii
760 2255 877 2334 pondus
901 2263 953 2316 aut
976 2257 1140 2338 victoriati3

124 2350 258 2403 ceterum
277 2354 368 2422 prout
387 2347 532 2422 cuiusque
553 2347 631 2404 vires
650 2343 856 2425 postulabunt,
881 2344 1044 2405 dummodo
1064 2347 1139 2407 infra

70 2441 104 2490 25
123 2428 180 2489 hoc
203 2431 329 2511 pondus,
353 2451 389 2491 ex
410 2450 503 2510 aquae
523 2431 622 2491 caldae
642 2432 754 2510 cyathis
775 2433 873 2494 tribus
896 2435 927 2493 in
951 2441 1074 2494 noctem
1098 2454 1139 2496 se·

123 2516 254 2575 cundum
270 2536 382 2578 cenam.
413 2518 492 2578 Haec
506 2521 588 2596 potIo
604 2521 691 2579 etiam
706 2519 946 2582 febricitantibus
961 2529 1028 2583 tuto
1044 2523 1140 2603 datur,

122 2603 175 2663 sed
195 2603 332 2663 coeliacis
356 2607 387 2665 in
410 2609 475 2684 ipso
495 2604 596 2665 dolore
615 2606 745 2684 prodest.
781 2607 881 2671 Vitreo
902 2629 970 2670 vase
994 2621 1139 2673 servatur.

213 2690 325 2753 txx11.
350 2693 395 2753 hd
414 2693 472 2754 ccli
486 2693 619 2753 dolorem
638 2694 752 2756 iaciunt
767 2698 888 2776 quidem
907 2700 1044 2780 mirifice,
1064 2720 1139 2780 quae

125 2784 263 2862 superins
283 2783 379 2861 posita
398 2788 481 2862 sunt,
501 2782 553 2842 sed
573 2790 672 2843 cetera
693 2786 908 2848 medicamenta
926 2790 958 2848 in
977 2788 1044 2849 aliis
1060 2792 1139 2851 vitiis

71 2886 105 2934 30
125 2871 257 2932 dolorem
276 2871 374 2931 levant
391 2873 422 2930 in
441 2875 624 2953 praesentia,
644 2873 700 2934 hoc
720 2893 789 2936 vero
808 2877 887 2955 quod
907 2876 1044 2940 dicturus
1064 2897 1139 2959 sum,

125 2979 215 3038 supra
251 2961 380 3021 hominis
418 2977 501 3039 spem
535 2961 799 3042 condicionemque
833 2973 886 3026 est.
938 2964 1008 3026 ldeo
1042 2970 1139 3047 primo

124 3057 260 3127 tempore
279 3067 316 3109 ne
336 3048 424 3109 fidem
444 3049 564 3127 quidem
584 3050 686 3132 habet,
705 3061 808 3131 postea
827 3071 844 3113 a
863 3053 942 3114 nullo
963 3057 1037 3116 satIs
1052 3057 1140 3136 digne

124 3135 238 3197 laudari
261 3144 367 3216 potest.
409 3137 484 3197 Nam
508 3141 591 3198 etih
615 3144 782 3218 praesentia
807 3141 939 3202 dolorem
964 3144 1042 3205 tollit
1062 3148 1139 3206 etin

197 3295 213 3343 8
232 3289 329 3359 polion
351 3290 492 3345 incoctum
515 3293 627 3360 scripsi:
652 3291 750 3347 πόλιον
770 3297 880 3349 coctum
899 3297 935 3351 R.
1010 3302 1043 3351 15
1069 3314 1140 3367 quae

125 3360 242 3428 tociaci,
268 3367 331 3428 post
357 3362 403 3416 val
430 3364 602 3430 transponat
630 3363 790 3419 Cornarius.
870 3372 903 3421 19
930 3368 959 3421 et
986 3369 1138 3424 delendum.

126 3437 159 3484 21
180 3432 235 3486 ami
254 3431 382 3500 Georpes:
408 3433 476 3488 amii
494 3433 522 3488 R
542 3450 637 3488 amoos
658 3434 816 3490 Carnarius.
890 3441 924 3490 23
943 3439 1056 3506 pondus
1076 3439 1139 3495 Gor·

126 3504 237 3558 narius:
260 3510 302 3573 p0.
322 3504 358 3559 R.
431 3511 466 3559 33
485 3505 626 3573 praesenti
644 3506 678 3559 L.
