2400 3922
10 134 23 249 l
317 165 416 220 XXXL
439 164 533 221 Marco
553 164 676 221 Antonio
696 165 815 221 Murato.
1034 167 1079 232 67.

10 334 22 405 ζ·-
49 326 254 393 nominibus.
284 349 367 411 quae
382 325 445 391 tibi
463 327 534 412 ipse
549 349 590 392 ne
605 349 775 412 exponam,
788 350 854 393 non
868 327 963 395 modo
978 352 1079 414 meus,

51 437 170 482 uerum
197 415 299 480 etiam
326 418 403 480 tuus
426 416 531 499 pudor
558 416 703 500 impedit.
749 415 875 481 Iactura
902 422 935 482 te
967 423 1078 483 mouet

52 504 100 570 rei
132 498 308 569 familiaris
346 504 381 567 in
413 504 554 568 discessu
590 505 771 589 repentino.
816 505 885 569 noli
916 505 1077 570 laborare:

52 593 183 658 lucrum
206 592 269 657 erit
293 591 329 656 in
349 587 477 678 damno,
500 592 527 658 si
547 597 673 676 spectas
693 614 774 677 eum,
798 592 853 677 qui
868 594 909 657 16
929 594 1078 680 excipiet,

54 685 280 767 praestantem
302 680 410 745 uirum
433 702 510 768 erga
532 681 581 745 tui
605 681 726 746 similes
746 682 868 765 optime
892 681 1078 765 animatum,
1105 703 1120 744 a

55 770 147 834 cuius
168 769 338 856 egregiam
351 768 552 834 uoluntatem
570 791 634 834 non
655 770 820 835 dissimilis
834 771 964 834 fortuna
983 771 1079 834 comi-

56 863 153 924 tatur.
202 858 321 922 sarciat
343 857 446 944 igitur
467 857 532 944 ille,
555 858 663 942 siquid
685 859 728 923 ob
753 858 896 923 subitam
914 858 1079 944 migratio·

56 968 131 1012 nem
164 947 276 1011 damni
305 946 416 1030 facies,
448 951 498 1032 et,
529 951 566 1011 ut
595 968 704 1032 spero,
731 950 824 1011 tuum
851 952 884 1011 te
908 946 1079 1012 consilium

57 1035 205 1120 quotidie
233 1034 339 1121 magis
367 1034 554 1100 oblectabit.
600 1034 713 1100 Polam
740 1035 834 1101 uideo
861 1040 894 1100 16
922 1036 1078 1101 abiecisse

57 1130 90 1189 et
102 1125 211 1189 laetor
224 1123 408 1188 mehercule
426 1127 483 1188 tua
501 1144 620 1188 caussa.
653 1128 884 1210 uerumtamen,
902 1124 930 1188 si
951 1125 1078 1209 quando
1093 1147 1120 1186 16

57 1234 140 1298 opus
166 1213 240 1295 erit,
262 1233 423 1277 secessum
440 1212 534 1276 illum
551 1234 618 1276 non
636 1216 830 1296 contemnes,
844 1217 881 1277 ut
903 1212 1025 1278 habeas
1042 1215 1080 1277 tu

59 1323 191 1386 quoque
220 1301 370 1385 exemplo
398 1300 544 1374 Africani,
576 1305 609 1364 et
639 1300 741 1364 Laelii
771 1305 864 1365 tuum
896 1301 1080 1384 Lucrinum,

61 1391 153 1455 cuius
178 1389 214 1453 in
236 1390 333 1454 litore
355 1389 513 1475 neglectis
535 1388 664 1475 Regum
686 1389 856 1473 thesauris,
880 1390 968 1454 omni
991 1411 1081 1473 pror-

60 1500 114 1544 sus
136 1478 321 1542 ambitione
345 1477 484 1561 solutus,
511 1481 568 1541 aut
591 1478 729 1542 conchas
751 1477 859 1564 legere
883 1483 939 1543 6111
961 1479 1080 1542 fluctus

59 1588 231 1632 numerare
259 1565 366 1650 possis
394 1587 495 1650 eoque
523 1565 653 1649 laetius,
681 1565 709 1630 si
732 1587 783 1629 me
806 1566 870 1630 tibi
892 1571 1002 1630 tantae
1026 1589 1081 1630 uo·
1095 1586 1121 1627 15

60 1655 201 1740 luptatis
216 1654 369 1719 comitem
377 1654 465 1719 Deus
475 1654 639 1719 obtulerit.
662 1653 786 1718 Verum
798 1654 886 1738 haec,
899 1658 936 1717 ut
951 1653 1081 1737 quidem

61 1748 193 1810 nostrae
215 1764 302 1808 nunc
321 1743 489 1827 utriusque
507 1764 559 1807 res
577 1743 709 1825 habent,
727 1741 844 1827 inania,
863 1763 944 1825 quae
963 1746 1081 1826 tamen,

10 1970 18 1989 .,
62 1829 1082 2006 tiltttttttfflgtttlffltputlttssottthlt

10 2042 12 2047 ·
63 2009 138 2074 dum
162 2013 198 2073 te
222 2008 315 2092 quasi
338 2013 542 2092 praesentem
564 2008 711 2092 alloquor
739 2013 772 2072 et
795 2013 870 2073 utor
892 2030 989 2072 manu
1013 2008 1082 2072 eius
1095 2029 1123 2069 10

10 2168 12 2181 Ι
62 2097 292 2182 adolescentis,
325 2119 421 2180 quem
452 2098 522 2162 iure
553 2096 640 2161 Latii
672 2097 840 2181 donatum,
874 2096 1082 2161 Cretensibus

10 2184 12 2235 i
63 2186 264 2271 ademptum,
287 2185 413 2250 affirmo
437 2185 500 2250 tibi
524 2185 658 2272 dignum
681 2185 854 2270 aliquando
878 2185 947 2249 fore
969 2187 1081 2248 nostro

64 2275 290 2341 contubernio.
336 2274 423 2358 quod
450 2273 580 2358 quidem
603 2273 745 2338 studiose
773 2274 842 2359 agit
864 2276 921 2336 tuo
945 2270 1083 2336 maxime

63 2362 216 2449 exemplo
240 2362 402 2428 incitatus,
448 2362 510 2427 etsi
531 2385 599 2427 non
621 2366 654 2426 te
677 2367 788 2427 nostra
806 2362 929 2446 domus,
952 2360 1084 2425 sedtua

64 2457 95 2518 te
108 2451 282 2536 industria,
291 2456 384 2516 tuum
392 2451 582 2516 nobilitauit
596 2450 771 2536 ingenium.
803 2449 896 2514 Libri
910 2449 1082 2534 aliquando
1097 2469 1124 2510 rs

64 2541 224 2626 exicrrrnt,
244 2561 325 2624 quos
343 2539 384 2604 ad
401 2543 435 2604 te
453 2539 558 2623 mitto,
575 2538 703 2603 iuuenis
721 2539 838 2623 optimi
862 2543 894 2602 et
912 2537 1085 2624 insigniter

63 2630 182 2697 eruditi
207 2628 370 2713 Onuphrii
401 2627 561 2692 Panuinii.
599 2649 665 2692 non
697 2627 825 2710 dubito,
857 2649 930 2692 oum
957 2627 1084 2713 legeris,

64 2721 140 2804 quin
172 2739 285 2782 meum
315 2717 353 2780 de
383 2717 471 2781 illius
504 2715 683 2801 praestanti
712 2715 834 2780 uirtute
863 2715 1084 2780 testimonium

65 2809 246 2874 confirmes.
292 2805 392 2869 habet
419 2804 483 2869 aha
505 2806 540 2869 in
562 2804 725 2889 manibus,
749 2804 832 2869 unde
855 2805 996 2869 fructum
1019 2808 1084 2867 stu-

64 2895 144 2962 diosi
171 2915 289 2979 capere
313 2892 367 2958 uel
384 2893 561 2957 maximum
580 2897 725 2976 possunt.
764 2913 845 2977 quae
869 2896 905 2955 ut
929 2891 1002 2955 edat
1020 2910 1084 2952 ma
1097 2909 1127 2949 10

65 2986 179 3070 tumus,
203 2983 309 3049 otium
328 2981 377 3046 illi
401 2986 565 3068 exoptare,
589 2981 645 3065 qui
667 3003 774 3045 rerum
797 2981 964 3045 scientiam
987 2983 1085 3059 appe

66 3077 144 3160 tunt,
171 3094 287 3138 omnes
306 3071 433 3135 debent.
470 3070 559 3136 Vale.
582 3069 731 3134 Venetiis
754 3074 876 3150 [mense
900 3063 1085 3149 Septembri

10 3232 12 3239 ,
66 3159 262 3246 imnum.

67 3347 74 3411 ¹.
151 3361 188 3410 12
210 3351 354 3407 ‘Africani
369 3353 397 3406 et
416 3350 517 3405 Laelii’
538 3349 594 3405 Cic.
610 3349 645 3403 de
664 3350 775 3404 oratore
796 3347 830 3416 Il,
846 3355 871 3403 6.
891 3378 925 3391 -
950 3353 982 3402 21
1005 3345 1085 3399 ‘ado-

66 3424 210 3482 lescentis’
241 3423 380 3478 Nicotaus
404 3420 545 3477 Cretensis
568 3419 684 3474 uidetur
706 3434 767 3474 esse
789 3417 1007 3489 intellegendus.

840 3612 876 3668 5*
