2400 3922
453 185 696 250 -101-

61 349 282 408 ammoniacum
305 355 389 408 aceto
409 346 535 408 dilutum
559 349 703 408 miscetur
724 356 754 408 et
777 356 880 429 postea
904 351 986 412 arida
1005 371 1080 430 quae

62 444 134 497 sunt
158 438 399 497 commiscentur.

153 523 287 586 CCLXll.
329 524 471 603 Malagma
504 525 540 586 ad
573 544 691 587 omnem
720 525 852 588 dolorem
880 536 1011 588 veterem
1044 548 1080 589 ex

62 613 196 694 qualibet
224 631 314 674 cansa
340 613 466 695 iactum,
494 617 654 693 praecipue
679 615 715 676 ad
743 614 914 677 lumborum
938 617 1081 697 dolorem,

63 705 116 783 qui
144 710 213 763 ante
241 703 350 763 leniter
378 703 537 763 scarifiant.
582 703 700 782 Recipit
727 704 815 765 baec:
847 704 954 766 Bdellii
981 706 1115 784 pendet

62 794 214 873 trientem,
237 793 362 871 styracis
385 791 484 870 pondo
509 794 658 874 trientem,
682 794 788 872 hysopi
810 793 909 872 pondo
931 796 1081 874 trientem,

63 882 241 942 ammoniaci
268 880 367 959 pondo
395 882 550 961 trientem,
578 882 690 960 piperis
719 880 777 942 albi
805 882 903 961 pondo
932 885 1081 964 trientem,

63 970 141 1031 turis
165 969 264 1048 pondo
283 971 438 1047 trientem,
462 968 552 1030 bacae
571 970 647 1030 lauri
670 971 770 1031 aridae
789 971 888 1050 pondo
908 971 979 1053 dua,
1004 980 1081 1032 tere·

63 1057 218 1120 bintbinae
232 1058 331 1138 pondo
346 1060 496 1138 trientem,
512 1061 691 1137 opopanacis
705 1060 804 1138 pondo
818 1062 969 1142 trientem,
986 1061 1082 1140 adipis

63 1149 177 1208 taurini
199 1147 298 1226 pondo
318 1148 467 1228 trientem,
491 1146 637 1208 medullae
657 1151 793 1209 cervinae
813 1149 912 1227 pondo
931 1151 1081 1230 trientem,
1101 1162 1135 1210 10

63 1235 198 1316 propolis
220 1236 320 1316 pondo
345 1235 493 1316 selibram,
517 1236 576 1296 olei
599 1238 709 1297 veteris
732 1237 831 1315 pondo
856 1236 971 1316 libram,
995 1256 1081 1298 cerae

62 1325 163 1404 pondo
192 1325 266 1405 duo,
298 1326 375 1385 turis
408 1323 528 1404 pollinis
560 1324 659 1404 pondo
691 1324 805 1385 libram.
852 1325 970 1405 Oleum,
1004 1344 1082 1407 cera,

64 1415 178 1494 resina,
211 1412 344 1492 propolis
372 1412 544 1493 liquefiunt,
578 1412 685 1474 deinde
713 1415 790 1474 turis
817 1413 935 1492 pollinis
964 1414 1081 1492 pondus

65 1502 206 1581 superius
225 1502 339 1563 dictum
362 1501 489 1562 adicitur
509 1510 539 1562 et
557 1510 658 1563 cetera
680 1504 849 1563 minutatim
868 1502 914 1562 vel
938 1505 969 1562 in
987 1521 1082 1563 unum

65 1598 206 1670 contusa3
229 1608 430 1670 opopanacem
454 1589 519 1650 olco
544 1590 659 1651 diluere
683 1600 809 1669 oportet.
1101 1603 1135 1652 15

156 1678 303 1740 CCLXlll.
340 1678 482 1757 Malagma
506 1679 586 1758 quod
610 1679 734 1740 discutit
757 1687 895 1754 strumas,
923 1679 1082 1761 parotidas,

64 1785 186 1849 panum,
210 1767 289 1847 quod
314 1767 419 1827 Graeci
443 1762 597 1848 φύγεθλον
620 1776 739 1849 vocant3
763 1768 842 1828 idem
862 1785 979 1828 omnem
1003 1768 1082 1829 futu-

65 1875 131 1917 ram
158 1857 404 1935 suppurationem
432 1856 570 1938 dissipat,
604 1857 711 1917 tactam
746 1859 855 1938 aperit,
890 1857 960 1917 facit
987 1867 1018 1917 et
1046 1856 1083 1917 ad
1184 1867 1188 1876 '

66 1945 201 2006 dolorem
222 1944 517 2006 articulamentorum
540 1945 585 2005 vel
610 1944 772 2006 cuiuslibet
793 1948 900 2026 partis,
922 1948 1082 2025 praecipue

65 2033 102 2094 ad
127 2033 297 2095 lumborum
321 2032 453 2094 dolorem
473 2041 562 2113 atque
581 2033 763 2095 inflationem
783 2035 928 2095 stomachi
946 2034 993 2094 vel
1012 2034 1082 2095 coli:
1100 2048 1136 2099 20

65 2122 146 2183 Picis
170 2121 327 2201 Hispanae,
351 2122 529 2201 aphronitri,
555 2124 672 2182 resinae
695 2125 837 2204 pituinae,
861 2140 956 2202 cerae,
979 2122 1082 2183 laurus

65 2210 222 2291 bacarum,
245 2210 432 2289 singulorum
455 2209 523 2288 pX
543 2209 659 2291 XXXV,
682 2211 777 2289 adipis
800 2212 918 2271 taurini
934 2210 1003 2288 pX
1023 2209 1083 2291 XV,

65 2301 244 2360 ammoniaci
279 2307 380 2377 guttae
412 2318 440 2377 p.
465 2298 490 2357 X
519 2294 628 2378 (XV),
664 2301 718 2358 iris
750 2298 884 2378 Illyricae
916 2298 994 2377 pil
1022 2298 1083 2380 XV,

66 2387 185 2467 galbani
216 2387 291 2466 pX
318 2386 385 2466 Xll,
417 2389 531 2466 piperis
563 2386 622 2447 albi
649 2386 724 2466 pX
752 2386 812 2448 XV.
858 2386 939 2458 Quae
972 2387 1084 2448 debent

65 2477 223 2557 liquefieri,
243 2475 399 2536 solvuntur
417 2477 486 2554 igne
506 2484 535 2536 et
550 2475 628 2556 oleo;
648 2484 748 2537 cetera
767 2485 891 2537 contusa
910 2479 1083 2556 temperatis
1102 2491 1137 2543 25

67 2573 278 2645 asperguntur,
297 2564 402 2625 ultimo
422 2563 486 2625 loco
503 2572 622 2644 tepente
641 2565 858 2626 medicamento
873 2565 975 2628 laurus
994 2567 1084 2629 bacae

65 2656 241 2715 miscentur.

157 2740 320 2802 CCLXllll.
365 2740 508 2820 Malagma
545 2741 580 2800 ad
614 2760 732 2802 omnem
770 2741 902 2804 dolorem
940 2745 1083 2821 corporis,

66 2826 273 2911 (praecipue)
293 2829 597 2909 articulamentorum,
616 2830 686 2890 lacit
706 2830 789 2889 etad
809 2830 982 2909 podagram3
1003 2828 1083 2889 idem

66 2920 191 2980 discutit
210 2920 339 2980 vomicas
359 2926 410 2979 aut
429 2920 533 2998 aperit,
556 2920 716 2997 praecipue
736 2918 766 2976 in
785 2924 907 2994 pectore
927 2926 957 2977 et
975 2919 1083 2977 intera·
1102 2935 1137 2983 30

67 3010 147 3089 neis3
177 3007 303 3086 prodest
330 3016 360 3069 et
386 3006 558 3068 lumborum
587 3004 752 3067 doloribus:
784 3003 876 3065 Cerae
908 3023 936 3083 p.
961 3005 986 3063 X
1009 3003 1083 3083 Vlll,

66 3097 245 3158 ammoniaci
266 3115 295 3175 p.
314 3095 340 3155 X
363 3094 404 3176 X,
426 3095 529 3156 bdellii
551 3115 578 3175 p.
598 3094 624 3154 X
648 3093 687 3174 X,
715 3095 768 3152 iris
792 3112 819 3171 p.
840 3091 864 3151 X
888 3092 938 3171 Vl,
965 3092 1083 3170 galbani

138 3273 211 3323 :lex
230 3267 281 3321 M:
304 3268 334 3322 et
351 3265 387 3322 1t
453 3266 569 3322 bombo
587 3265 636 3332 qui
655 3264 720 3318 ante
742 3261 844 3317 leniter
867 3260 1009 3318 scarifiant
1032 3280 1081 3318 om.

67 3338 117 3406 M,
141 3339 177 3394 ab
200 3339 347 3406 cotmpretc
370 3337 469 3393 addita
492 3352 547 3392 aare
570 3339 656 3390 censet
678 3333 767 3388 Rbod.
846 3333 987 3402 dhysopi
1009 3334 1082 3388 ItL

67 3424 115 3465 oce
156 3407 350 3464 iGomariuo.
424 3413 458 3461 13
476 3406 586 3477 pondus
605 3407 652 3460 M.
674 3403 767 3473 pondo
786 3402 822 3458 R.
895 3409 929 3457 21
948 3402 1021 3459 lauri
1040 3404 1081 3458 M

84 3479 173 3536 BV
192 3479 293 3535 addidi
315 3494 349 3532 ear
373 3479 417 3533 M.
476 3426 524 3533 pit)
547 3475 697 3556 praecipue
721 3474 821 3529 addidi
843 3489 876 3529 eac
898 3476 942 3529 M.
1015 3472 1083 3528 arti·

66 3550 293 3608 calamentornm
311 3547 350 3602 M
364 3554 389 3604 et
406 3548 465 3603 R
453 3565 484 3603 ao
503 3549 605 3602 indice:
625 3543 807 3601 articulorum
824 3544 883 3600 Β
871 3562 903 3601 cn
920 3551 1004 3604 tectu.
