2400 3922
114 137 180 203 114
473 131 532 189 LII.
558 130 650 188 Mario
667 129 790 189 Nisolio.

113 299 202 366 ronis
230 295 389 382 exemplis
416 291 582 380 professus
615 317 656 360 es.
707 293 845 360 nimium
874 292 932 360 diu
955 295 1065 379 debes,
1087 295 1123 361 ni

114 386 237 473 Nicoli,
268 386 355 471 quod
384 384 462 450 olim
490 383 680 470 petentibus
710 404 729 447 a
756 387 789 447 te
816 382 927 449 tribus
944 384 1124 452 ,familiaris

116 475 208 542 simis
230 475 297 540 tuis
319 479 459 558 tuaeque
482 473 605 560 gloriae
624 470 850 558 cupidissimis,
874 472 975 538 Petro
993 473 1125 558 Bunello,

115 565 219 630 Paulo
242 564 411 651 Magnulo,
439 562 533 647 mihi,
560 566 639 626 tunc
661 559 917 647 adolescentulo,
945 584 1044 648 saepe
1065 585 1125 647 pro

89 654 244 721 omisisti.
289 676 349 720 nec
371 656 481 716 tamen
504 672 619 737 urgere
641 653 675 714 10
699 649 814 732 audeo,
840 650 1011 716 hominem
1033 656 1128 718 aelate

117 743 294 826 infirmum,
331 740 433 806 oculis
464 762 531 805 non
563 740 646 804 bene
678 742 838 822 utentem,
871 739 1008 823 publico
1041 741 1125 829 etiam

116 831 250 897 docendi
273 851 405 894 munere
435 829 627 893 districtum.
671 827 728 892 sed
749 848 855 892 meam
879 829 1126 894 sententiando

116 941 150 984 re
170 918 335 983 dicendam
354 917 479 1000 putaui.
516 917 550 980 in
574 938 638 1000 quo
655 915 758 982 habui
780 916 943 983 rationem
966 918 1002 982 in
1024 919 1127 1002 primis

115 1004 311 1071 ualetudinis
342 1010 431 1089 tuae,
463 1005 600 1089 ueritus,
632 1026 686 1090 ne,
718 1025 792 1070 oum
821 1005 927 1070 multa
957 1028 1056 1072 senex
1083 1007 1126 1072 ed·

76 1121 103 1162 10
115 1095 247 1160 modum
284 1093 478 1178 susceperis,
514 1094 623 1163 omnia
658 1094 799 1178 perferre
837 1094 894 1158 uix
931 1096 1048 1180 possis.
1092 1095 1125 1160 dc

115 1189 262 1267 tempore
285 1188 394 1247 autem
417 1183 478 1248 etsi
501 1182 567 1248 iam
593 1182 734 1247 indicaui
761 1204 826 1248 non
853 1187 936 1267 tam,
964 1185 1044 1269 quid
1065 1205 1124 1272 ego,

115 1294 211 1358 quam
244 1272 322 1356 quid
355 1293 465 1337 omnes
497 1275 666 1359 cuperent,
700 1275 809 1336 tamen
841 1272 1064 1356 moderaberis
1090 1295 1123 1338 ex

114 1360 287 1446 prudentia
310 1365 367 1426 tua
390 1365 424 1425 01
447 1381 485 1425 00
513 1360 645 1445 quidem
667 1360 788 1445 animo,
817 1364 855 1424 ut
882 1361 918 1426 in
940 1383 1060 1450 magna
1079 1384 1123 1427 01·

114 1448 314 1533 spectatione
337 1471 398 1514 nos
421 1471 550 1534 quoque
578 1449 617 1513 de
644 1453 702 1513 tuo
729 1446 897 1514 commodo
925 1451 1123 1517 uehementer

74 1561 101 1601 11
113 1538 261 1604 laborare
280 1538 344 1604 tibi
366 1538 567 1624 persuadeas.
603 1537 773 1624 Equidem,
795 1537 823 1602 si
841 1558 893 1603 me
911 1540 1015 1626 audis
1038 1540 1122 1606 etiarn

115 1627 197 1693 illud
219 1628 387 1714 suaserim,
414 1650 455 1693 10
481 1627 523 1692 ad
544 1627 666 1713 figuras
691 1629 856 1691 oratorum
879 1626 1001 1692 similia
1024 1649 1123 1716 aggre

158 1739 209 1781 res
238 1721 408 1801 poetarum
436 1717 514 1781 loca.
560 1735 714 1800 quorsum
743 1714 852 1780 enim?
892 1736 968 1781 cum
999 1719 1040 1783 ab
1069 1738 1123 1784 uno

114 1739 267 1869 Cicerone
292 1805 396 1869 omnis
418 1805 551 1870 ubertas
575 1808 608 1868 01
627 1804 718 1888 quasi
741 1804 824 1869 silua
841 1808 912 1869 tum
931 1827 1041 1872 rerum
1063 1812 1123 1872 tun
1161 1826 1163 1845 ²

114 1892 289 1956 uerborum
319 1892 402 1957 sumi
430 1893 542 1976 possit.
590 1892 676 1976 quod
703 1891 731 1957 si
758 1892 864 1977 poetis
892 1895 1047 1977 prodesse
1073 1896 1124 1981 uis,

73 2002 99 2043 ao
112 1979 174 2045 hoc
202 2000 330 2064 quoque
360 1980 535 2065 separatim
562 1980 632 2045 fiat:
663 1981 746 2045 bene
775 1981 939 2048 locabitur
965 1983 1125 2051 industria

113 2091 173 2133 nec
197 2090 257 2155 ego
281 2091 436 2154 aspernor
458 2090 496 2134 ea
519 2069 638 2155 studia,
668 2090 750 2153 quae
778 2070 863 2135 colui
891 2071 1077 2139 adolescens
1098 2078 1127 2137 01

115 2180 253 2244 quorum
282 2181 344 2243 ope
373 2159 479 2225 fateor
509 2181 561 2224 me
593 2159 634 2224 ad
665 2158 807 2243 aliquam
839 2161 973 2225 oratorii
1006 2161 1125 2228 numeri

115 2249 283 2313 scientiam
312 2249 406 2314 facile
435 2249 629 2335 peruenisse.
678 2270 764 2313 nunc
794 2248 940 2314 elabores
971 2251 1070 2316 uelim
1098 2255 1129 2316 01

113 2336 197 2400 hanc
232 2359 331 2403 unam
367 2343 400 2403 01
437 2338 617 2423 simplicem
653 2337 810 2422 omnium,
846 2341 883 2401 ut
920 2359 982 2425 ego
1020 2341 1128 2426 sentio,

73 2424 288 2488 semanimem
320 2447 357 2490 ac
389 2426 613 2490 difficillimam
645 2425 848 2509 eloquentiae
879 2432 1016 2510 partem.
1068 2449 1128 2513 quo

112 2510 147 2573 in
170 2533 286 2596 genere
317 2512 386 2577 siue
412 2517 451 2576 tu
482 2513 656 2576 uerborum
684 2513 753 2578 siue
781 2515 1014 2581 sententiarum
1043 2539 1130 2584 orna-

112 2602 221 2662 menta
244 2619 387 2685 quaeras,
409 2621 475 2664 non
497 2600 608 2685 uide0,
623 2620 681 2664 cur
703 2622 768 2667 uno
788 2602 940 2670 Cicerone
960 2611 1131 2673 contentus

113 2708 181 2750 esse
212 2707 279 2750 non
308 2687 420 2770 possis.
471 2687 551 2751 mihi
582 2688 725 2777 quidem,
755 2713 829 2757 cum
859 2693 1033 2761 immensas
1063 2697 1132 2761 eius

113 2796 191 2859 opes
214 2775 350 2840 intentis
375 2775 476 2839 oculis
505 2779 721 2866 contemplor,
749 2803 843 2868 egere
871 2783 1035 2849 interdum
1059 2785 1131 2870 ipsa

71 2885 100 2926 co
112 2886 214 2949 paene
239 2863 372 2930 Graecia
395 2863 532 2929 uidetur.
579 2873 665 2933 certe
695 2869 733 2935 de
755 2870 891 2956 nostris,
914 2872 970 2956 qui
992 2872 1035 2936 ad
1059 2896 1132 2938 ean·

113 2954 185 3018 dem
207 2953 335 3018 laudem
358 2953 522 3038 adspirare
544 2959 698 3046 potuerit,
720 2982 824 3045 neque
843 2960 944 3025 fuisse
962 2965 1061 3026 antea
1078 2984 1131 3026 10-

112 3064 175 3127 que
193 3043 263 3108 fore
282 3064 476 3127 quemquam
489 3050 579 3129 puto.
610 3047 697 3134 Dixi,
715 3050 794 3133 quid
809 3050 971 3136 sentirem,
989 3050 1131 3136 ingenue

109 3152 170 3214 pro
198 3154 270 3197 mea
297 3133 541 3220 consuetudine,
567 3137 707 3202 libenter
733 3158 793 3220 pro
821 3159 930 3202 amore
956 3139 992 3204 in
1019 3143 1054 3204 10
1077 3163 1131 3204 ue·

110 3219 244 3284 terrimo
267 3225 365 3306 atque
387 3223 567 3291 uerissime.
612 3230 651 3291 tu
673 3223 752 3309 quid
779 3228 917 3313 statuas,
947 3231 1059 3293 utrum
1083 3228 1131 3294 in·

65 3306 228 3371 restituta
257 3317 450 3399 commutes,
482 3335 538 3399 an,
568 3320 608 3379 ut
637 3310 786 3398 coepisti,
817 3336 947 3401 pergas,
979 3339 1041 3400 pro
1070 3321 1131 3383 tua

111 3395 268 3482 singulari
296 3400 455 3484 sapientie
481 3402 649 3467 iudicabis.
695 3398 950 3467 Commentarios
979 3428 1069 3471 meos
1093 3407 1130 3472 in

110 3484 265 3568 epistolas
300 3487 477 3576 Ciceronis,
514 3512 595 3574 quae
624 3487 813 3555 Familiares
843 3496 1016 3582 uocantur,
1053 3517 1129 3561 cum
