<?xml version="1.0" encoding="UTF-8"?>
<!DOCTYPE html PUBLIC "-//W3C//DTD XHTML 1.0 Transitional//EN"
    "http://www.w3.org/TR/xhtml1/DTD/xhtml1-transitional.dtd">
<html xmlns="http://www.w3.org/1999/xhtml" xml:lang="en" lang="en">
 <head>
  <title>
</title>
<meta http-equiv="Content-Type" content="text/html;charset=utf-8" />
  <meta name='ocr-system' content='tesseract 3.04.00' />
  <meta name='ocr-capabilities' content='ocr_page ocr_carea ocr_par ocr_line ocrx_word'/>
</head>
<body>
  <div class='ocr_page' id='page_1' title='image "./paulimanutiiepi00fickgoog_0234.png"; bbox 0 0 2400 3922; ppageno 0'>
   <div class='ocr_carea' id='block_1_1' title="bbox 431 206 647 270">
    <p class='ocr_par' dir='ltr' id='par_1_1' title="bbox 431 206 647 270">
     <span class='ocr_line' id='line_1_1' title="bbox 431 206 647 270; baseline 0.009 -19"><span class='ocrx_word' id='word_1_1' title='bbox 431 206 647 270; x_wconf 75' lang='lat'><strong>-47-</strong></span> 
     </span>
    </p>
   </div>
   <div class='ocr_carea' id='block_1_2' title="bbox 28 366 1044 716">
    <p class='ocr_par' dir='ltr' id='par_1_2' title="bbox 28 366 1044 716">
     <span class='ocr_line' id='line_1_2' title="bbox 28 366 1044 449; baseline 0.007 -22"><span class='ocrx_word' id='word_1_2' title='bbox 28 374 62 427; x_wconf 86' lang='lat' dir='ltr'><strong>ut</strong></span> <span class='ocrx_word' id='word_1_3' title='bbox 84 368 118 426; x_wconf 93' lang='lat' dir='ltr'><strong>in</strong></span> <span class='ocrx_word' id='word_1_4' title='bbox 140 366 264 427; x_wconf 87' lang='lat' dir='ltr'><strong>furiosis</strong></span> <span class='ocrx_word' id='word_1_5' title='bbox 283 375 335 428; x_wconf 90' lang='lat' dir='ltr'><strong>aut</strong></span> <span class='ocrx_word' id='word_1_6' title='bbox 353 367 493 429; x_wconf 92' lang='lat' dir='ltr'><strong>comitiali</strong></span> <span class='ocrx_word' id='word_1_7' title='bbox 516 368 621 429; x_wconf 89' lang='lat' dir='ltr'><strong>morbo</strong></span> <span class='ocrx_word' id='word_1_8' title='bbox 640 372 787 449; x_wconf 80' lang='lat' dir='ltr'><strong>correptis</strong></span> <span class='ocrx_word' id='word_1_9' title='bbox 805 370 852 430; x_wconf 84' lang='lat' dir='ltr'><strong>rel</strong></span> <span class='ocrx_word' id='word_1_10' title='bbox 875 371 1044 438; x_wconf 90' lang='lat' dir='ltr'><strong>lumborum</strong></span> 
     </span>
     <span class='ocr_line' id='line_1_3' title="bbox 28 454 1044 543; baseline 0.005 -26"><span class='ocrx_word' id='word_1_11' title='bbox 28 464 208 535; x_wconf 88' lang='lat' dir='ltr'><strong>perpetuum</strong></span> <span class='ocrx_word' id='word_1_12' title='bbox 232 454 365 517; x_wconf 90' lang='lat' dir='ltr'><strong>dolorem</strong></span> <span class='ocrx_word' id='word_1_13' title='bbox 387 455 576 538; x_wconf 86' lang='lat' dir='ltr'><strong>habentibus,</strong></span> <span class='ocrx_word' id='word_1_14' title='bbox 598 457 728 537; x_wconf 81' lang='lat' dir='ltr'><strong>podagra</strong></span> <span class='ocrx_word' id='word_1_15' title='bbox 752 461 900 538; x_wconf 80' lang='lat' dir='ltr'><strong>correptis</strong></span> <span class='ocrx_word' id='word_1_16' title='bbox 922 463 1044 543; x_wconf 81' lang='lat' dir='ltr'><strong>vastius,</strong></span> 
     </span>
     <span class='ocr_line' id='line_1_4' title="bbox 28 542 1044 628; baseline 0.006 -24"><span class='ocrx_word' id='word_1_17' title='bbox 28 542 204 605; x_wconf 75' lang='lat' dir='ltr'><strong>cucurbitae</strong></span> <span class='ocrx_word' id='word_1_18' title='bbox 232 544 378 605; x_wconf 87' lang='lat' dir='ltr'><strong>silvestris</strong></span> <span class='ocrx_word' id='word_1_19' title='bbox 405 545 551 607; x_wconf 90' lang='lat' dir='ltr'><strong>adicimus</strong></span> <span class='ocrx_word' id='word_1_20' title='bbox 578 545 614 606; x_wconf 94' lang='lat' dir='ltr'><strong>ad</strong></span> <span class='ocrx_word' id='word_1_21' title='bbox 643 548 781 625; x_wconf 89' lang='lat' dir='ltr'><strong>superius</strong></span> <span class='ocrx_word' id='word_1_22' title='bbox 805 546 883 608; x_wconf 93' lang='lat' dir='ltr'><strong>dicta</strong></span> <span class='ocrx_word' id='word_1_23' title='bbox 911 549 1044 628; x_wconf 86' lang='lat' dir='ltr'><strong>pondera</strong></span> 
     </span>
     <span class='ocr_line' id='line_1_5' title="bbox 28 630 1043 716; baseline 0.007 -25"><span class='ocrx_word' id='word_1_24' title='bbox 28 650 55 712; x_wconf 89' lang='lat' dir='ltr'><strong>p.</strong></span> <span class='ocrx_word' id='word_1_25' title='bbox 74 631 101 692; x_wconf 72' lang='lat' dir='ltr'>X</span> <span class='ocrx_word' id='word_1_26' title='bbox 125 630 194 712; x_wconf 83' lang='lat' dir='ltr'><strong>XX,</strong></span> <span class='ocrx_word' id='word_1_27' title='bbox 217 634 395 712; x_wconf 80' lang='lat' dir='ltr'><strong>opopanacis</strong></span> <span class='ocrx_word' id='word_1_28' title='bbox 414 642 503 713; x_wconf 88' lang='lat' dir='ltr'><strong>atque</strong></span> <span class='ocrx_word' id='word_1_29' title='bbox 522 636 675 716; x_wconf 81' lang='lat' dir='ltr'><strong>sagapeni,</strong></span> <span class='ocrx_word' id='word_1_30' title='bbox 698 635 883 714; x_wconf 82' lang='lat' dir='ltr'><strong>singulorum</strong></span> <span class='ocrx_word' id='word_1_31' title='bbox 906 636 975 716; x_wconf 82' lang='lat' dir='ltr'><strong>pli</strong></span> <span class='ocrx_word' id='word_1_32' title='bbox 995 636 1043 700; x_wconf 92' lang='lat' dir='ltr'><strong>lll.</strong></span> 
     </span>
    </p>
   </div>
   <div class='ocr_carea' id='block_1_3' title="bbox 28 719 1096 3195">
    <p class='ocr_par' dir='ltr' id='par_1_3' title="bbox 28 719 1096 1242">
     <span class='ocr_line' id='line_1_6' title="bbox 28 719 1078 805; baseline 0.006 -23"><span class='ocrx_word' id='word_1_33' title='bbox 28 719 228 792; x_wconf 80' lang='lat' dir='ltr'><strong>Quamobrem</strong></span> <span class='ocrx_word' id='word_1_34' title='bbox 253 729 379 801; x_wconf 90' lang='lat' dir='ltr'><strong>utraque</strong></span> <span class='ocrx_word' id='word_1_35' title='bbox 402 730 503 801; x_wconf 87' lang='lat' dir='ltr'><strong>parata</strong></span> <span class='ocrx_word' id='word_1_36' title='bbox 526 722 637 783; x_wconf 88' lang='lat' dir='ltr'><strong>debent</strong></span> <span class='ocrx_word' id='word_1_37' title='bbox 659 741 725 784; x_wconf 91' lang='lat' dir='ltr'><strong>esse</strong></span> <span class='ocrx_word' id='word_1_38' title='bbox 748 724 977 805; x_wconf 91' lang='lat' dir='ltr'><strong>medicamenta,</strong></span> <span class='ocrx_word' id='word_1_39' title='bbox 1000 735 1078 799; x_wconf 71' lang='lat' dir='ltr'><strong>uto</strong></span> 
     </span>
     <span class='ocr_line' id='line_1_7' title="bbox 28 809 1041 892; baseline 0.004 -21"><span class='ocrx_word' id='word_1_40' title='bbox 28 827 96 871; x_wconf 88' lang='lat' dir='ltr'><strong>cnm</strong></span> <span class='ocrx_word' id='word_1_41' title='bbox 121 827 197 890; x_wconf 90' lang='lat' dir='ltr'><strong>opus</strong></span> <span class='ocrx_word' id='word_1_42' title='bbox 220 809 324 890; x_wconf 87' lang='lat' dir='ltr'><strong>luerit,</strong></span> <span class='ocrx_word' id='word_1_43' title='bbox 348 828 422 871; x_wconf 92' lang='lat' dir='ltr'><strong>usus</strong></span> <span class='ocrx_word' id='word_1_44' title='bbox 445 810 620 873; x_wconf 88' lang='lat' dir='ltr'><strong>alterutrius</strong></span> <span class='ocrx_word' id='word_1_45' title='bbox 648 813 679 871; x_wconf 93' lang='lat' dir='ltr'><strong>in</strong></span> <span class='ocrx_word' id='word_1_46' title='bbox 706 820 847 892; x_wconf 90' lang='lat' dir='ltr'><strong>promptu</strong></span> <span class='ocrx_word' id='word_1_47' title='bbox 873 816 920 876; x_wconf 83' lang='lat' dir='ltr'><strong>sit</strong></span> <span class='ocrx_word' id='word_1_48' title='bbox 966 812 1041 875; x_wconf 88' lang='lat' dir='ltr'><strong>illud</strong></span> 
     </span>
     <span class='ocr_line' id='line_1_8' title="bbox 28 897 1042 983; baseline 0.004 -23"><span class='ocrx_word' id='word_1_49' title='bbox 28 900 132 978; x_wconf 86' lang='lat' dir='ltr'><strong>ntique</strong></span> <span class='ocrx_word' id='word_1_50' title='bbox 156 897 261 958; x_wconf 91' lang='lat' dir='ltr'><strong>credas</strong></span> <span class='ocrx_word' id='word_1_51' title='bbox 284 900 404 959; x_wconf 93' lang='lat' dir='ltr'><strong>interim</strong></span> <span class='ocrx_word' id='word_1_52' title='bbox 427 898 515 959; x_wconf 88' lang='lat' dir='ltr'><strong>velim</strong></span> <span class='ocrx_word' id='word_1_53' title='bbox 542 899 629 980; x_wconf 93' lang='lat' dir='ltr'><strong>mihi,</strong></span> <span class='ocrx_word' id='word_1_54' title='bbox 657 900 728 961; x_wconf 88' lang='lat' dir='ltr'><strong>dom</strong></span> <span class='ocrx_word' id='word_1_55' title='bbox 756 903 786 962; x_wconf 93' lang='lat' dir='ltr'><strong>in</strong></span> <span class='ocrx_word' id='word_1_56' title='bbox 812 900 876 962; x_wconf 89' lang='lat' dir='ltr'><strong>aliis</strong></span> <span class='ocrx_word' id='word_1_57' title='bbox 900 910 1042 983; x_wconf 86' lang='lat' dir='ltr'><strong>expertus</strong></span> 
     </span>
     <span class='ocr_line' id='line_1_9' title="bbox 28 986 1041 1067; baseline 0.007 -21"><span class='ocrx_word' id='word_1_58' title='bbox 28 986 238 1067; x_wconf 86' lang='lat' dir='ltr'><strong>persuadeam,</strong></span> <span class='ocrx_word' id='word_1_59' title='bbox 268 987 325 1048; x_wconf 91' lang='lat' dir='ltr'><strong>hoc</strong></span> <span class='ocrx_word' id='word_1_60' title='bbox 354 987 603 1049; x_wconf 87' lang='lat' dir='ltr'><strong>medicamentum</strong></span> <span class='ocrx_word' id='word_1_61' title='bbox 633 1006 693 1049; x_wconf 91' lang='lat' dir='ltr'><strong>non</strong></span> <span class='ocrx_word' id='word_1_62' title='bbox 721 989 815 1051; x_wconf 89' lang='lat' dir='ltr'><strong>solum</strong></span> <span class='ocrx_word' id='word_1_63' title='bbox 844 1009 904 1052; x_wconf 94' lang='lat' dir='ltr'><strong>non</strong></span> <span class='ocrx_word' id='word_1_64' title='bbox 932 1010 1041 1054; x_wconf 90' lang='lat' dir='ltr'><strong>nocere</strong></span> 
     </span>
     <span class='ocr_line' id='line_1_10' title="bbox 28 1073 1042 1161; baseline 0.006 -25"><span class='ocrx_word' id='word_1_65' title='bbox 28 1073 191 1155; x_wconf 82' lang='lat' dir='ltr'><strong>stomacho,</strong></span> <span class='ocrx_word' id='word_1_66' title='bbox 213 1093 319 1136; x_wconf 82' lang='lat' dir='ltr'><strong>rerum</strong></span> <span class='ocrx_word' id='word_1_67' title='bbox 342 1076 431 1136; x_wconf 89' lang='lat' dir='ltr'><strong>etiam</strong></span> <span class='ocrx_word' id='word_1_68' title='bbox 454 1077 579 1137; x_wconf 86' lang='lat' dir='ltr'><strong>reticere</strong></span> <span class='ocrx_word' id='word_1_69' title='bbox 604 1085 634 1138; x_wconf 93' lang='lat' dir='ltr'><strong>et</strong></span> <span class='ocrx_word' id='word_1_70' title='bbox 657 1079 834 1140; x_wconf 88' lang='lat' dir='ltr'><strong>confirmare</strong></span> <span class='ocrx_word' id='word_1_71' title='bbox 858 1098 927 1141; x_wconf 94' lang='lat' dir='ltr'><strong>eum</strong></span> <span class='ocrx_word' id='word_1_72' title='bbox 950 1099 1042 1161; x_wconf 89' lang='lat' dir='ltr'><strong>supra</strong></span> 
     </span>
     <span class='ocr_line' id='line_1_11' title="bbox 28 1164 1096 1242; baseline 0.007 -19"><span class='ocrx_word' id='word_1_73' title='bbox 28 1164 162 1224; x_wconf 89' lang='lat' dir='ltr'><strong>omnium</strong></span> <span class='ocrx_word' id='word_1_74' title='bbox 184 1164 363 1242; x_wconf 91' lang='lat' dir='ltr'><strong>opinionem.</strong></span> <span class='ocrx_word' id='word_1_75' title='bbox 1062 1183 1096 1232; x_wconf 90' lang='lat'><strong>10</strong></span> 
     </span>
    </p>

    <p class='ocr_par' dir='ltr' id='par_1_4' title="bbox 28 1249 1092 2041">
     <span class='ocr_line' id='line_1_12' title="bbox 116 1249 1040 1333; baseline 0.006 -21"><span class='ocrx_word' id='word_1_76' title='bbox 116 1249 215 1313; x_wconf 81' lang='lat' dir='ltr'><strong>cviii.</strong></span> <span class='ocrx_word' id='word_1_77' title='bbox 245 1251 503 1333; x_wconf 88' lang='lat' dir='ltr'><strong>Medicamentum,</strong></span> <span class='ocrx_word' id='word_1_78' title='bbox 523 1254 602 1333; x_wconf 87' lang='lat' dir='ltr'><strong>qnod</strong></span> <span class='ocrx_word' id='word_1_79' title='bbox 621 1257 742 1333; x_wconf 92' lang='lat' dir='ltr'><strong>proprie</strong></span> <span class='ocrx_word' id='word_1_80' title='bbox 757 1256 899 1316; x_wconf 87' lang='lat' dir='ltr'><strong>adversus</strong></span> <span class='ocrx_word' id='word_1_81' title='bbox 919 1257 1040 1318; x_wconf 88' lang='lat' dir='ltr'><strong>solutio-</strong></span> 
     </span>
     <span class='ocr_line' id='line_1_13' title="bbox 28 1341 1040 1423; baseline 0.002 -21"><span class='ocrx_word' id='word_1_82' title='bbox 28 1359 94 1402; x_wconf 90' lang='lat' dir='ltr'><strong>nem</strong></span> <span class='ocrx_word' id='word_1_83' title='bbox 119 1341 266 1401; x_wconf 88' lang='lat' dir='ltr'><strong>stomachi</strong></span> <span class='ocrx_word' id='word_1_84' title='bbox 288 1342 359 1402; x_wconf 87' lang='lat' dir='ltr'><strong>lacit</strong></span> <span class='ocrx_word' id='word_1_85' title='bbox 377 1350 407 1402; x_wconf 92' lang='lat' dir='ltr'><strong>et</strong></span> <span class='ocrx_word' id='word_1_86' title='bbox 425 1341 550 1402; x_wconf 90' lang='lat' dir='ltr'><strong>iluorem</strong></span> <span class='ocrx_word' id='word_1_87' title='bbox 570 1342 713 1423; x_wconf 91' lang='lat' dir='ltr'><strong>eiusdem,</strong></span> <span class='ocrx_word' id='word_1_88' title='bbox 736 1345 862 1403; x_wconf 85' lang='lat' dir='ltr'><strong>maxime</strong></span> <span class='ocrx_word' id='word_1_89' title='bbox 882 1361 951 1404; x_wconf 88' lang='lat' dir='ltr'><strong>vero</strong></span> <span class='ocrx_word' id='word_1_90' title='bbox 971 1363 1040 1405; x_wconf 93' lang='lat' dir='ltr'><strong>cum</strong></span> 
     </span>
     <span class='ocr_line' id='line_1_14' title="bbox 28 1427 1040 1512; baseline 0.001 -21"><span class='ocrx_word' id='word_1_91' title='bbox 28 1428 101 1491; x_wconf 91' lang='lat' dir='ltr'><strong>nihil</strong></span> <span class='ocrx_word' id='word_1_92' title='bbox 125 1427 187 1490; x_wconf 90' lang='lat' dir='ltr'><strong>cibi</strong></span> <span class='ocrx_word' id='word_1_93' title='bbox 209 1431 341 1490; x_wconf 89' lang='lat' dir='ltr'><strong>retinere</strong></span> <span class='ocrx_word' id='word_1_94' title='bbox 364 1438 504 1510; x_wconf 91' lang='lat' dir='ltr'><strong>possunt,</strong></span> <span class='ocrx_word' id='word_1_95' title='bbox 532 1430 585 1490; x_wconf 92' lang='lat' dir='ltr'><strong>sed</strong></span> <span class='ocrx_word' id='word_1_96' title='bbox 610 1431 754 1510; x_wconf 89' lang='lat' dir='ltr'><strong>quidquid</strong></span> <span class='ocrx_word' id='word_1_97' title='bbox 778 1431 880 1492; x_wconf 92' lang='lat' dir='ltr'><strong>datum</strong></span> <span class='ocrx_word' id='word_1_98' title='bbox 904 1440 963 1512; x_wconf 91' lang='lat' dir='ltr'><strong>est,</strong></span> <span class='ocrx_word' id='word_1_99' title='bbox 994 1451 1040 1493; x_wconf 92' lang='lat' dir='ltr'><strong>re-</strong></span> 
     </span>
     <span class='ocr_line' id='line_1_15' title="bbox 28 1517 1041 1600; baseline 0.002 -21"><span class='ocrx_word' id='word_1_100' title='bbox 28 1519 135 1580; x_wconf 78' lang='lat' dir='ltr'><strong>iciuntt</strong></span> <span class='ocrx_word' id='word_1_101' title='bbox 158 1517 318 1579; x_wconf 87' lang='lat' dir='ltr'><strong>Mastiches</strong></span> <span class='ocrx_word' id='word_1_102' title='bbox 342 1517 431 1579; x_wconf 85' lang='lat' dir='ltr'><strong>Chiae</strong></span> <span class='ocrx_word' id='word_1_103' title='bbox 455 1519 597 1580; x_wconf 91' lang='lat' dir='ltr'><strong>candidae</strong></span> <span class='ocrx_word' id='word_1_104' title='bbox 620 1519 719 1598; x_wconf 92' lang='lat' dir='ltr'><strong>pondo</strong></span> <span class='ocrx_word' id='word_1_105' title='bbox 742 1519 831 1600; x_wconf 90' lang='lat' dir='ltr'><strong>libra,</strong></span> <span class='ocrx_word' id='word_1_106' title='bbox 855 1522 1041 1599; x_wconf 84' lang='lat' dir='ltr'><strong>tragacanthi</strong></span> 
     </span>
     <span class='ocr_line' id='line_1_16' title="bbox 28 1605 1092 1688; baseline 0.004 -21"><span class='ocrx_word' id='word_1_107' title='bbox 28 1605 84 1668; x_wconf 82' lang='lat' dir='ltr'><strong>albi</strong></span> <span class='ocrx_word' id='word_1_108' title='bbox 112 1606 212 1687; x_wconf 90' lang='lat' dir='ltr'><strong>pondo</strong></span> <span class='ocrx_word' id='word_1_109' title='bbox 236 1606 325 1688; x_wconf 89' lang='lat' dir='ltr'><strong>libra,</strong></span> <span class='ocrx_word' id='word_1_110' title='bbox 353 1606 531 1686; x_wconf 80' lang='lat' dir='ltr'><strong>Apollinaris</strong></span> <span class='ocrx_word' id='word_1_111' title='bbox 558 1607 668 1669; x_wconf 89' lang='lat' dir='ltr'><strong>herbae</strong></span> <span class='ocrx_word' id='word_1_112' title='bbox 692 1608 802 1669; x_wconf 86' lang='lat' dir='ltr'><strong>radicis</strong></span> <span class='ocrx_word' id='word_1_113' title='bbox 825 1611 922 1669; x_wconf 86' lang='lat' dir='ltr'><strong>uncia.</strong></span> <span class='ocrx_word' id='word_1_114' title='bbox 964 1608 1092 1672; x_wconf 81' lang='lat' dir='ltr'><strong>Con-15</strong></span> 
     </span>
     <span class='ocr_line' id='line_1_17' title="bbox 28 1695 1039 1777; baseline 0.001 -20"><span class='ocrx_word' id='word_1_115' title='bbox 28 1695 165 1757; x_wconf 88' lang='lat' dir='ltr'><strong>tunditur</strong></span> <span class='ocrx_word' id='word_1_116' title='bbox 187 1696 413 1775; x_wconf 83' lang='lat' dir='ltr'><strong>tragacanthum</strong></span> <span class='ocrx_word' id='word_1_117' title='bbox 432 1715 499 1756; x_wconf 90' lang='lat' dir='ltr'><strong>cum</strong></span> <span class='ocrx_word' id='word_1_118' title='bbox 523 1697 632 1777; x_wconf 90' lang='lat' dir='ltr'><strong>radice,</strong></span> <span class='ocrx_word' id='word_1_119' title='bbox 655 1705 760 1775; x_wconf 91' lang='lat' dir='ltr'><strong>postea</strong></span> <span class='ocrx_word' id='word_1_120' title='bbox 782 1697 926 1757; x_wconf 88' lang='lat' dir='ltr'><strong>mastiche</strong></span> <span class='ocrx_word' id='word_1_121' title='bbox 950 1696 1039 1758; x_wconf 90' lang='lat' dir='ltr'><strong>adici-</strong></span> 
     </span>
     <span class='ocr_line' id='line_1_18' title="bbox 28 1783 1039 1868; baseline 0 -22"><span class='ocrx_word' id='word_1_122' title='bbox 28 1792 83 1846; x_wconf 86' lang='lat' dir='ltr'><strong>tur.</strong></span> <span class='ocrx_word' id='word_1_123' title='bbox 130 1783 297 1864; x_wconf 87' lang='lat' dir='ltr'><strong>Reponitur</strong></span> <span class='ocrx_word' id='word_1_124' title='bbox 325 1787 356 1844; x_wconf 93' lang='lat' dir='ltr'><strong>in</strong></span> <span class='ocrx_word' id='word_1_125' title='bbox 383 1786 479 1846; x_wconf 87' lang='lat' dir='ltr'><strong>vitreo</strong></span> <span class='ocrx_word' id='word_1_126' title='bbox 508 1803 585 1846; x_wconf 83' lang='lat' dir='ltr'><strong>vaso.</strong></span> <span class='ocrx_word' id='word_1_127' title='bbox 631 1785 753 1868; x_wconf 88' lang='lat' dir='ltr'><strong>Dantur,</strong></span> <span class='ocrx_word' id='word_1_128' title='bbox 783 1803 851 1847; x_wconf 92' lang='lat' dir='ltr'><strong>cum</strong></span> <span class='ocrx_word' id='word_1_129' title='bbox 879 1804 956 1865; x_wconf 89' lang='lat' dir='ltr'><strong>opus</strong></span> <span class='ocrx_word' id='word_1_130' title='bbox 984 1794 1039 1866; x_wconf 88' lang='lat' dir='ltr'><strong>est,</strong></span> 
     </span>
     <span class='ocr_line' id='line_1_19' title="bbox 28 1871 1038 1955; baseline 0 -20"><span class='ocrx_word' id='word_1_131' title='bbox 28 1871 174 1935; x_wconf 87' lang='lat' dir='ltr'><strong>coclearia</strong></span> <span class='ocrx_word' id='word_1_132' title='bbox 198 1875 253 1934; x_wconf 91' lang='lat' dir='ltr'><strong>tria</strong></span> <span class='ocrx_word' id='word_1_133' title='bbox 278 1873 443 1934; x_wconf 91' lang='lat' dir='ltr'><strong>secundum</strong></span> <span class='ocrx_word' id='word_1_134' title='bbox 465 1875 610 1935; x_wconf 86' lang='lat' dir='ltr'><strong>vomitum</strong></span> <span class='ocrx_word' id='word_1_135' title='bbox 633 1892 688 1953; x_wconf 89' lang='lat' dir='ltr'><strong>per</strong></span> <span class='ocrx_word' id='word_1_136' title='bbox 707 1893 739 1935; x_wconf 90' lang='lat' dir='ltr'><strong>se</strong></span> <span class='ocrx_word' id='word_1_137' title='bbox 758 1875 870 1937; x_wconf 87' lang='lat' dir='ltr'><strong>lactum</strong></span> <span class='ocrx_word' id='word_1_138' title='bbox 889 1893 925 1935; x_wconf 86' lang='lat' dir='ltr'><strong>ex</strong></span> <span class='ocrx_word' id='word_1_139' title='bbox 944 1893 1038 1955; x_wconf 87' lang='lat' dir='ltr'><strong>aquae</strong></span> 
     </span>
     <span class='ocr_line' id='line_1_20' title="bbox 28 1960 418 2041; baseline 0 -19"><span class='ocrx_word' id='word_1_140' title='bbox 28 1960 151 2040; x_wconf 74' lang='lat' dir='ltr'><strong>frigidae</strong></span> <span class='ocrx_word' id='word_1_141' title='bbox 175 1961 289 2041; x_wconf 79' lang='lat' dir='ltr'><strong>cyathis</strong></span> <span class='ocrx_word' id='word_1_142' title='bbox 312 1961 418 2023; x_wconf 86' lang='lat' dir='ltr'><strong>trihus.</strong></span> 
     </span>
    </p>

    <p class='ocr_par' dir='ltr' id='par_1_5' title="bbox 28 2048 1091 2664">
     <span class='ocr_line' id='line_1_21' title="bbox 114 2048 1091 2115; baseline 0.005 -5"><span class='ocrx_word' id='word_1_143' title='bbox 114 2048 224 2110; x_wconf 86' lang='lat' dir='ltr'><strong>CVllll.</strong></span> <span class='ocrx_word' id='word_1_144' title='bbox 261 2050 306 2110; x_wconf 77' lang='lat' dir='ltr'><strong>hd</strong></span> <span class='ocrx_word' id='word_1_145' title='bbox 330 2050 475 2112; x_wconf 90' lang='lat' dir='ltr'><strong>stomachi</strong></span> <span class='ocrx_word' id='word_1_146' title='bbox 497 2051 629 2112; x_wconf 91' lang='lat' dir='ltr'><strong>dolorem</strong></span> <span class='ocrx_word' id='word_1_147' title='bbox 653 2060 683 2112; x_wconf 86' lang='lat' dir='ltr'><strong>et</strong></span> <span class='ocrx_word' id='word_1_148' title='bbox 705 2052 901 2113; x_wconf 85' lang='lat' dir='ltr'><strong>inflationem:</strong></span> <span class='ocrx_word' id='word_1_149' title='bbox 925 2051 1035 2112; x_wconf 88' lang='lat' dir='ltr'><strong>Palma·</strong></span> <span class='ocrx_word' id='word_1_150' title='bbox 1055 2067 1091 2115; x_wconf 81' lang='lat'><strong>20</strong></span> 
     </span>
     <span class='ocr_line' id='line_1_22' title="bbox 28 2137 1039 2221; baseline 0 -21"><span class='ocrx_word' id='word_1_151' title='bbox 28 2156 92 2200; x_wconf 89' lang='lat' dir='ltr'><strong>rum</strong></span> <span class='ocrx_word' id='word_1_152' title='bbox 112 2137 181 2218; x_wconf 83' lang='lat' dir='ltr'><strong>pli</strong></span> <span class='ocrx_word' id='word_1_153' title='bbox 201 2137 265 2218; x_wconf 84' lang='lat' dir='ltr'><strong>XL,</strong></span> <span class='ocrx_word' id='word_1_154' title='bbox 288 2138 389 2200; x_wconf 88' lang='lat' dir='ltr'><strong>anethi</strong></span> <span class='ocrx_word' id='word_1_155' title='bbox 412 2138 481 2218; x_wconf 83' lang='lat' dir='ltr'><strong>pli</strong></span> <span class='ocrx_word' id='word_1_156' title='bbox 501 2139 568 2221; x_wconf 94' lang='lat' dir='ltr'><strong>llll,</strong></span> <span class='ocrx_word' id='word_1_157' title='bbox 591 2142 673 2200; x_wconf 90' lang='lat' dir='ltr'><strong>croci</strong></span> <span class='ocrx_word' id='word_1_158' title='bbox 695 2140 768 2218; x_wconf 83' lang='lat' dir='ltr'><strong>pli</strong></span> <span class='ocrx_word' id='word_1_159' title='bbox 792 2140 831 2220; x_wconf 93' lang='lat' dir='ltr'><strong>ll,</strong></span> <span class='ocrx_word' id='word_1_160' title='bbox 854 2143 898 2219; x_wconf 83' lang='lat' dir='ltr'><strong>git</strong></span> <span class='ocrx_word' id='word_1_161' title='bbox 915 2138 1039 2221; x_wconf 80' lang='lat' dir='ltr'><strong>pilli,</strong></span> 
     </span>
     <span class='ocr_line' id='line_1_23' title="bbox 28 2226 1038 2309; baseline 0 -21"><span class='ocrx_word' id='word_1_162' title='bbox 28 2229 102 2288; x_wconf 81' lang='lat' dir='ltr'><strong>asari</strong></span> <span class='ocrx_word' id='word_1_163' title='bbox 131 2226 204 2306; x_wconf 83' lang='lat' dir='ltr'><strong>pli</strong></span> <span class='ocrx_word' id='word_1_164' title='bbox 228 2227 268 2309; x_wconf 94' lang='lat' dir='ltr'><strong>ll,</strong></span> <span class='ocrx_word' id='word_1_165' title='bbox 297 2230 388 2289; x_wconf 88' lang='lat' dir='ltr'><strong>murti</strong></span> <span class='ocrx_word' id='word_1_166' title='bbox 415 2230 517 2307; x_wconf 83' lang='lat' dir='ltr'><strong>nigrae</strong></span> <span class='ocrx_word' id='word_1_167' title='bbox 545 2227 685 2289; x_wconf 89' lang='lat' dir='ltr'><strong>bacarum</strong></span> <span class='ocrx_word' id='word_1_168' title='bbox 713 2227 787 2306; x_wconf 85' lang='lat' dir='ltr'><strong>pli</strong></span> <span class='ocrx_word' id='word_1_169' title='bbox 813 2227 879 2309; x_wconf 92' lang='lat' dir='ltr'><strong>llll,</strong></span> <span class='ocrx_word' id='word_1_170' title='bbox 907 2230 1038 2307; x_wconf 92' lang='lat' dir='ltr'><strong>iuniperi</strong></span> 
     </span>
     <span class='ocr_line' id='line_1_24' title="bbox 28 2315 1038 2396; baseline 0 -19"><span class='ocrx_word' id='word_1_171' title='bbox 28 2333 115 2396; x_wconf 84' lang='lat' dir='ltr'><strong>yrana</strong></span> <span class='ocrx_word' id='word_1_172' title='bbox 144 2333 270 2376; x_wconf 90' lang='lat' dir='ltr'><strong>numero</strong></span> <span class='ocrx_word' id='word_1_173' title='bbox 297 2318 411 2395; x_wconf 81' lang='lat' dir='ltr'><strong>viginti.</strong></span> <span class='ocrx_word' id='word_1_174' title='bbox 457 2315 689 2377; x_wconf 76' lang='lat' dir='ltr'><strong>contunduntur</strong></span> <span class='ocrx_word' id='word_1_175' title='bbox 717 2333 853 2377; x_wconf 89' lang='lat' dir='ltr'><strong>seorsum</strong></span> <span class='ocrx_word' id='word_1_176' title='bbox 882 2318 980 2377; x_wconf 89' lang='lat' dir='ltr'><strong>omnia</strong></span> <span class='ocrx_word' id='word_1_177' title='bbox 1007 2324 1038 2377; x_wconf 85' lang='lat' dir='ltr'><strong>et</strong></span> 
     </span>
     <span class='ocr_line' id='line_1_25' title="bbox 28 2403 1038 2486; baseline -0.001 -20"><span class='ocrx_word' id='word_1_178' title='bbox 28 2406 169 2466; x_wconf 91' lang='lat' dir='ltr'><strong>inunum</strong></span> <span class='ocrx_word' id='word_1_179' title='bbox 193 2407 371 2486; x_wconf 83' lang='lat' dir='ltr'><strong>miscentur3</strong></span> <span class='ocrx_word' id='word_1_180' title='bbox 394 2405 501 2466; x_wconf 86' lang='lat' dir='ltr'><strong>deinde</strong></span> <span class='ocrx_word' id='word_1_181' title='bbox 520 2406 595 2465; x_wconf 89' lang='lat' dir='ltr'><strong>liunt</strong></span> <span class='ocrx_word' id='word_1_182' title='bbox 614 2404 723 2483; x_wconf 88' lang='lat' dir='ltr'><strong>pastilli</strong></span> <span class='ocrx_word' id='word_1_183' title='bbox 743 2405 875 2484; x_wconf 91' lang='lat' dir='ltr'><strong>pondere</strong></span> <span class='ocrx_word' id='word_1_184' title='bbox 894 2403 920 2464; x_wconf 80' lang='lat' dir='ltr'><strong>li</strong></span> <span class='ocrx_word' id='word_1_185' title='bbox 939 2404 966 2486; x_wconf 96' lang='lat' dir='ltr'><strong>l,</strong></span> <span class='ocrx_word' id='word_1_186' title='bbox 989 2404 1038 2465; x_wconf 90' lang='lat' dir='ltr'><strong>alii</strong></span> 
     </span>
     <span class='ocr_line' id='line_1_26' title="bbox 28 2493 1091 2574; baseline 0.003 -20"><span class='ocrx_word' id='word_1_187' title='bbox 28 2495 180 2554; x_wconf 76' lang='lat' dir='ltr'><strong>decoriati.</strong></span> <span class='ocrx_word' id='word_1_188' title='bbox 219 2493 333 2554; x_wconf 88' lang='lat' dir='ltr'><strong>Dantur</strong></span> <span class='ocrx_word' id='word_1_189' title='bbox 351 2496 451 2554; x_wconf 90' lang='lat' dir='ltr'><strong>ieiuno</strong></span> <span class='ocrx_word' id='word_1_190' title='bbox 470 2512 507 2554; x_wconf 83' lang='lat' dir='ltr'><strong>ex</strong></span> <span class='ocrx_word' id='word_1_191' title='bbox 526 2511 619 2572; x_wconf 90' lang='lat' dir='ltr'><strong>aquae</strong></span> <span class='ocrx_word' id='word_1_192' title='bbox 639 2493 753 2574; x_wconf 82' lang='lat' dir='ltr'><strong>cyathis</strong></span> <span class='ocrx_word' id='word_1_193' title='bbox 772 2502 913 2574; x_wconf 91' lang='lat' dir='ltr'><strong>quattuor</strong></span> <span class='ocrx_word' id='word_1_194' title='bbox 931 2502 983 2555; x_wconf 90' lang='lat' dir='ltr'><strong>aut</strong></span> <span class='ocrx_word' id='word_1_195' title='bbox 1001 2513 1037 2554; x_wconf 86' lang='lat' dir='ltr'><strong>ex</strong></span> <span class='ocrx_word' id='word_1_196' title='bbox 1056 2511 1091 2560; x_wconf 81' lang='lat' dir='ltr'><strong>ss</strong></span> 
     </span>
     <span class='ocr_line' id='line_1_27' title="bbox 28 2579 680 2664; baseline 0.002 -22"><span class='ocrx_word' id='word_1_197' title='bbox 28 2579 143 2643; x_wconf 81' lang='lat' dir='ltr'><strong>Cretico</strong></span> <span class='ocrx_word' id='word_1_198' title='bbox 168 2590 276 2664; x_wconf 90' lang='lat' dir='ltr'><strong>musto,</strong></span> <span class='ocrx_word' id='word_1_199' title='bbox 300 2582 379 2661; x_wconf 89' lang='lat' dir='ltr'><strong>quod</strong></span> <span class='ocrx_word' id='word_1_200' title='bbox 404 2590 450 2643; x_wconf 92' lang='lat' dir='ltr'><strong>est</strong></span> <span class='ocrx_word' id='word_1_201' title='bbox 473 2583 554 2662; x_wconf 91' lang='lat' dir='ltr'><strong>passi</strong></span> <span class='ocrx_word' id='word_1_202' title='bbox 576 2599 680 2662; x_wconf 84' lang='lat' dir='ltr'><strong>genus.</strong></span> 
     </span>
    </p>

    <p class='ocr_par' dir='ltr' id='par_1_6' title="bbox 28 2668 1090 3195">
     <span class='ocr_line' id='line_1_28' title="bbox 114 2668 1038 2733; baseline 0.002 -3"><span class='ocrx_word' id='word_1_203' title='bbox 114 2668 173 2730; x_wconf 85' lang='lat' dir='ltr'><strong>CX.</strong></span> <span class='ocrx_word' id='word_1_204' title='bbox 210 2669 459 2731; x_wconf 89' lang='lat' dir='ltr'><strong>Medicamentum</strong></span> <span class='ocrx_word' id='word_1_205' title='bbox 482 2672 595 2732; x_wconf 90' lang='lat' dir='ltr'><strong>siccum</strong></span> <span class='ocrx_word' id='word_1_206' title='bbox 619 2671 655 2732; x_wconf 91' lang='lat' dir='ltr'><strong>ad</strong></span> <span class='ocrx_word' id='word_1_207' title='bbox 682 2672 827 2733; x_wconf 88' lang='lat' dir='ltr'><strong>stomachi</strong></span> <span class='ocrx_word' id='word_1_208' title='bbox 854 2672 1038 2733; x_wconf 85' lang='lat' dir='ltr'><strong>inflationem</strong></span> 
     </span>
     <span class='ocr_line' id='line_1_29' title="bbox 28 2757 1036 2840; baseline -0.002 -20"><span class='ocrx_word' id='word_1_209' title='bbox 28 2767 54 2820; x_wconf 85' lang='lat' dir='ltr'><strong>st</strong></span> <span class='ocrx_word' id='word_1_210' title='bbox 75 2757 212 2819; x_wconf 89' lang='lat' dir='ltr'><strong>dolorem</strong></span> <span class='ocrx_word' id='word_1_211' title='bbox 235 2766 266 2820; x_wconf 90' lang='lat' dir='ltr'><strong>et</strong></span> <span class='ocrx_word' id='word_1_212' title='bbox 287 2759 430 2840; x_wconf 88' lang='lat' dir='ltr'><strong>inediam;</strong></span> <span class='ocrx_word' id='word_1_213' title='bbox 453 2768 553 2820; x_wconf 87' lang='lat' dir='ltr'><strong>movet</strong></span> <span class='ocrx_word' id='word_1_214' title='bbox 575 2761 692 2820; x_wconf 90' lang='lat' dir='ltr'><strong>urinam</strong></span> <span class='ocrx_word' id='word_1_215' title='bbox 715 2760 842 2839; x_wconf 90' lang='lat' dir='ltr'><strong>ideoque</strong></span> <span class='ocrx_word' id='word_1_216' title='bbox 862 2760 933 2820; x_wconf 87' lang='lat' dir='ltr'><strong>lacit</strong></span> <span class='ocrx_word' id='word_1_217' title='bbox 952 2759 1036 2819; x_wconf 88' lang='lat' dir='ltr'><strong>etad</strong></span> 
     </span>
     <span class='ocr_line' id='line_1_30' title="bbox 28 2843 1036 2929; baseline -0.002 -21"><span class='ocrx_word' id='word_1_218' title='bbox 28 2846 204 2927; x_wconf 76' lang='lat' dir='ltr'><strong>hydropicos</strong></span> <span class='ocrx_word' id='word_1_219' title='bbox 227 2857 257 2909; x_wconf 89' lang='lat' dir='ltr'><strong>et</strong></span> <span class='ocrx_word' id='word_1_220' title='bbox 279 2848 364 2909; x_wconf 91' lang='lat' dir='ltr'><strong>iecur</strong></span> <span class='ocrx_word' id='word_1_221' title='bbox 386 2848 494 2909; x_wconf 93' lang='lat' dir='ltr'><strong>durum</strong></span> <span class='ocrx_word' id='word_1_222' title='bbox 517 2847 670 2928; x_wconf 83' lang='lat' dir='ltr'><strong>habentes,</strong></span> <span class='ocrx_word' id='word_1_223' title='bbox 693 2843 746 2926; x_wconf 87' lang='lat' dir='ltr'><strong>&lt;et</strong></span> <span class='ocrx_word' id='word_1_224' title='bbox 769 2845 829 2929; x_wconf 90' lang='lat' dir='ltr'><strong>ad&gt;</strong></span> <span class='ocrx_word' id='word_1_225' title='bbox 852 2849 1036 2925; x_wconf 80' lang='lat' dir='ltr'><strong>auruginem,</strong></span> 
     </span>
     <span class='ocr_line' id='line_1_31' title="bbox 28 2934 1090 3016; baseline 0.003 -19"><span class='ocrx_word' id='word_1_226' title='bbox 28 2953 113 3016; x_wconf 79' lang='lat' dir='ltr'><strong>ynam</strong></span> <span class='ocrx_word' id='word_1_227' title='bbox 137 2935 257 3015; x_wconf 82' lang='lat' dir='ltr'><strong>quidam</strong></span> <span class='ocrx_word' id='word_1_228' title='bbox 279 2937 409 3016; x_wconf 82' lang='lat' dir='ltr'><strong>regium,</strong></span> <span class='ocrx_word' id='word_1_229' title='bbox 433 2937 552 3016; x_wconf 89' lang='lat' dir='ltr'><strong>quidam</strong></span> <span class='ocrx_word' id='word_1_230' title='bbox 575 2944 733 3014; x_wconf 87' lang='lat' dir='ltr'><strong>arquatum</strong></span> <span class='ocrx_word' id='word_1_231' title='bbox 755 2934 894 2996; x_wconf 90' lang='lat' dir='ltr'><strong>morbum</strong></span> <span class='ocrx_word' id='word_1_232' title='bbox 917 2942 1036 3015; x_wconf 86' lang='lat' dir='ltr'><strong>vocant;</strong></span> <span class='ocrx_word' id='word_1_233' title='bbox 1055 2952 1090 3004; x_wconf 84' lang='lat'><strong>30</strong></span> 
     </span>
     <span class='ocr_line' id='line_1_32' title="bbox 28 3020 1036 3101; baseline -0.002 -16"><span class='ocrx_word' id='word_1_234' title='bbox 28 3024 155 3085; x_wconf 82' lang='lat' dir='ltr'><strong>refertur</strong></span> <span class='ocrx_word' id='word_1_235' title='bbox 178 3025 209 3084; x_wconf 91' lang='lat' dir='ltr'><strong>in</strong></span> <span class='ocrx_word' id='word_1_236' title='bbox 232 3023 347 3086; x_wconf 87' lang='lat' dir='ltr'><strong>Musam</strong></span> <span class='ocrx_word' id='word_1_237' title='bbox 371 3025 540 3086; x_wconf 84' lang='lat' dir='ltr'><strong>Antonium.</strong></span> <span class='ocrx_word' id='word_1_238' title='bbox 576 3023 694 3101; x_wconf 87' lang='lat' dir='ltr'><strong>Recipit</strong></span> <span class='ocrx_word' id='word_1_239' title='bbox 716 3029 816 3084; x_wconf 90' lang='lat' dir='ltr'><strong>autem</strong></span> <span class='ocrx_word' id='word_1_240' title='bbox 838 3021 925 3083; x_wconf 89' lang='lat' dir='ltr'><strong>haec:</strong></span> <span class='ocrx_word' id='word_1_241' title='bbox 948 3020 1036 3083; x_wconf 82' lang='lat' dir='ltr'><strong>hloes</strong></span> 
     </span>
     <span class='ocr_line' id='line_1_33' title="bbox 28 3109 1036 3195; baseline -0.001 -22"><span class='ocrx_word' id='word_1_242' title='bbox 28 3111 124 3191; x_wconf 90' lang='lat' dir='ltr'><strong>pondo</strong></span> <span class='ocrx_word' id='word_1_243' title='bbox 163 3115 238 3173; x_wconf 91' lang='lat' dir='ltr'><strong>assis</strong></span> <span class='ocrx_word' id='word_1_244' title='bbox 274 3115 429 3194; x_wconf 91' lang='lat' dir='ltr'><strong>trientem,</strong></span> <span class='ocrx_word' id='word_1_245' title='bbox 466 3115 560 3195; x_wconf 90' lang='lat' dir='ltr'><strong>croci,</strong></span> <span class='ocrx_word' id='word_1_246' title='bbox 597 3113 740 3191; x_wconf 91' lang='lat' dir='ltr'><strong>cinnami,</strong></span> <span class='ocrx_word' id='word_1_247' title='bbox 777 3109 863 3171; x_wconf 91' lang='lat' dir='ltr'><strong>nardi</strong></span> <span class='ocrx_word' id='word_1_248' title='bbox 900 3109 1036 3190; x_wconf 89' lang='lat' dir='ltr'><strong>Syriacae</strong></span> 
     </span>
    </p>
   </div>
   <div class='ocr_carea' id='block_1_4' title="bbox 28 3278 1037 3637">
    <p class='ocr_par' dir='ltr' id='par_1_7' title="bbox 28 3278 1037 3637">
     <span class='ocr_line' id='line_1_34' title="bbox 95 3278 1037 3349; baseline -0.003 -12"><span class='ocrx_word' id='word_1_249' title='bbox 95 3290 111 3338; x_wconf 84' lang='grc'>3</span> <span class='ocrx_word' id='word_1_250' title='bbox 131 3282 286 3339; x_wconf 74' lang='lat' dir='ltr'><strong>adiciemus</strong></span> <span class='ocrx_word' id='word_1_251' title='bbox 300 3284 343 3339; x_wconf 86' lang='grc' dir='ltr'><strong>Μ.</strong></span> <span class='ocrx_word' id='word_1_252' title='bbox 407 3290 422 3339; x_wconf 79' lang='lat' dir='ltr'><strong>t</strong></span> <span class='ocrx_word' id='word_1_253' title='bbox 441 3284 508 3338; x_wconf 89' lang='lat' dir='ltr'><strong>dum</strong></span> <span class='ocrx_word' id='word_1_254' title='bbox 524 3282 556 3337; x_wconf 87' lang='lat' dir='ltr'><strong>in</strong></span> <span class='ocrx_word' id='word_1_255' title='bbox 573 3282 637 3337; x_wconf 78' lang='lat' dir='ltr'><strong>aliis</strong></span> <span class='ocrx_word' id='word_1_256' title='bbox 655 3281 738 3336; x_wconf 89' lang='lat' dir='ltr'><strong>rebus</strong></span> <span class='ocrx_word' id='word_1_257' title='bbox 756 3280 817 3349; x_wconf 87' lang='lat' dir='ltr'><strong>ipse</strong></span> <span class='ocrx_word' id='word_1_258' title='bbox 836 3278 893 3335; x_wconf 84' lang='lat' dir='ltr'><strong>vim</strong></span> <span class='ocrx_word' id='word_1_259' title='bbox 912 3279 972 3335; x_wconf 85' lang='lat' dir='ltr'><strong>cius</strong></span> <span class='ocrx_word' id='word_1_260' title='bbox 991 3295 1037 3334; x_wconf 89' lang='lat' dir='ltr'><strong>ex·</strong></span> 
     </span>
     <span class='ocr_line' id='line_1_35' title="bbox 28 3350 1035 3424; baseline -0.006 -14"><span class='ocrx_word' id='word_1_261' title='bbox 28 3353 122 3424; x_wconf 76' lang='lat' dir='ltr'><strong>periris</strong></span> <span class='ocrx_word' id='word_1_262' title='bbox 146 3354 189 3409; x_wconf 89' lang='lat' dir='ltr'><strong>M.</strong></span> <span class='ocrx_word' id='word_1_263' title='bbox 263 3359 296 3409; x_wconf 90' lang='lat'><strong>10</strong></span> <span class='ocrx_word' id='word_1_264' title='bbox 320 3354 446 3411; x_wconf 87' lang='lat' dir='ltr'><strong>omnium</strong></span> <span class='ocrx_word' id='word_1_265' title='bbox 469 3354 516 3409; x_wconf 82' lang='lat' dir='ltr'><strong>M:</strong></span> <span class='ocrx_word' id='word_1_266' title='bbox 543 3369 653 3408; x_wconf 88' lang='lat' dir='ltr'><strong>omnem</strong></span> <span class='ocrx_word' id='word_1_267' title='bbox 674 3351 712 3406; x_wconf 86' lang='lat' dir='ltr'><strong>R.</strong></span> <span class='ocrx_word' id='word_1_268' title='bbox 786 3356 819 3406; x_wconf 73' lang='lat'><strong>13</strong></span> <span class='ocrx_word' id='word_1_269' title='bbox 842 3350 977 3420; x_wconf 91' lang='lat' dir='ltr'><strong>quicquid</strong></span> <span class='ocrx_word' id='word_1_270' title='bbox 999 3350 1035 3406; x_wconf 82' lang='lat' dir='ltr'><strong>R.</strong></span> 
     </span>
     <span class='ocr_line' id='line_1_36' title="bbox 28 3419 1037 3494; baseline -0.007 -13"><span class='ocrx_word' id='word_1_271' title='bbox 28 3429 56 3481; x_wconf 67' lang='lat' dir='ltr'><strong>th</strong></span> <span class='ocrx_word' id='word_1_272' title='bbox 75 3423 152 3481; x_wconf 79' lang='lat' dir='ltr'><strong>asari</strong></span> <span class='ocrx_word' id='word_1_273' title='bbox 170 3425 217 3480; x_wconf 71' lang='lat' dir='ltr'><strong>Ma</strong></span> <span class='ocrx_word' id='word_1_274' title='bbox 238 3428 268 3480; x_wconf 87' lang='lat' dir='ltr'><strong>et</strong></span> <span class='ocrx_word' id='word_1_275' title='bbox 285 3425 359 3481; x_wconf 71' lang='lat' dir='ltr'><strong>asari</strong></span> <span class='ocrx_word' id='word_1_276' title='bbox 377 3425 413 3481; x_wconf 83' lang='lat' dir='ltr'><strong>R.</strong></span> <span class='ocrx_word' id='word_1_277' title='bbox 486 3429 522 3479; x_wconf 80' lang='lat'><strong>24</strong></span> <span class='ocrx_word' id='word_1_278' title='bbox 540 3424 663 3494; x_wconf 88' lang='lat' dir='ltr'><strong>pondere</strong></span> <span class='ocrx_word' id='word_1_279' title='bbox 680 3422 792 3492; x_wconf 62' lang='lat' dir='ltr'><strong>scripu:</strong></span> <span class='ocrx_word' id='word_1_280' title='bbox 815 3428 858 3491; x_wconf 91' lang='lat' dir='ltr'><strong>p⁰.</strong></span> <span class='ocrx_word' id='word_1_281' title='bbox 877 3421 913 3477; x_wconf 86' lang='lat' dir='ltr'><strong>R.</strong></span> <span class='ocrx_word' id='word_1_282' title='bbox 986 3419 1037 3475; x_wconf 84' lang='lat' dir='ltr'><strong>alii</strong></span> 
     </span>
     <span class='ocr_line' id='line_1_37' title="bbox 28 3491 1036 3579; baseline -0.003 -28"><span class='ocrx_word' id='word_1_283' title='bbox 28 3496 72 3551; x_wconf 79' lang='lat' dir='ltr'><strong>hs:</strong></span> <span class='ocrx_word' id='word_1_284' title='bbox 99 3495 164 3552; x_wconf 77' lang='lat' dir='ltr'><strong>aliis</strong></span> <span class='ocrx_word' id='word_1_285' title='bbox 186 3497 222 3552; x_wconf 81' lang='lat' dir='ltr'><strong>R.</strong></span> <span class='ocrx_word' id='word_1_286' title='bbox 294 3501 328 3553; x_wconf 79' lang='lat'><strong>26</strong></span> <span class='ocrx_word' id='word_1_287' title='bbox 349 3495 472 3568; x_wconf 79' lang='lat' dir='ltr'><strong>Cretico]</strong></span> <span class='ocrx_word' id='word_1_288' title='bbox 495 3496 629 3579; x_wconf 88' lang='lat' dir='ltr'><strong>protropo</strong></span> <span class='ocrx_word' id='word_1_289' title='bbox 647 3491 689 3559; x_wconf 83' lang='lat' dir='ltr'><strong>M.</strong></span> <span class='ocrx_word' id='word_1_290' title='bbox 762 3498 797 3548; x_wconf 79' lang='lat'><strong>28</strong></span> <span class='ocrx_word' id='word_1_291' title='bbox 820 3494 969 3549; x_wconf 79' lang='lat' dir='ltr'><strong>movebat</strong></span> <span class='ocrx_word' id='word_1_292' title='bbox 992 3492 1036 3548; x_wconf 88' lang='lat' dir='ltr'><strong>M.</strong></span> 
     </span>
     <span class='ocr_line' id='line_1_38' title="bbox 28 3563 656 3637; baseline -0.006 -14"><span class='ocrx_word' id='word_1_293' title='bbox 28 3572 56 3623; x_wconf 82' lang='lat' dir='ltr'><strong>ts</strong></span> <span class='ocrx_word' id='word_1_294' title='bbox 75 3569 107 3622; x_wconf 81' lang='lat' dir='ltr'><strong>eb</strong></span> <span class='ocrx_word' id='word_1_295' title='bbox 124 3567 162 3622; x_wconf 78' lang='lat' dir='ltr'><strong>ad</strong></span> <span class='ocrx_word' id='word_1_296' title='bbox 180 3567 280 3624; x_wconf 80' lang='lat' dir='ltr'><strong>addidi</strong></span> <span class='ocrx_word' id='word_1_297' title='bbox 297 3583 310 3623; x_wconf 86' lang='lat' dir='ltr'><strong>e</strong></span> <span class='ocrx_word' id='word_1_298' title='bbox 328 3566 370 3623; x_wconf 83' lang='lat' dir='ltr'><strong>M.</strong></span> <span class='ocrx_word' id='word_1_299' title='bbox 445 3565 602 3637; x_wconf 72' lang='lat' dir='ltr'><strong>sanginem</strong></span> <span class='ocrx_word' id='word_1_300' title='bbox 619 3563 656 3620; x_wconf 85' lang='lat' dir='ltr'><strong>R.</strong></span> 
     </span>
    </p>
   </div>
   <div class='ocr_carea' id='block_1_5' title="bbox 0 0 1204 3922">
    <p class='ocr_par' dir='ltr' id='par_1_8' title="bbox 0 0 1204 3922">
     <span class='ocr_line' id='line_1_39' title="bbox 0 0 1204 3922; baseline 0 0"><span class='ocrx_word' id='word_1_301' title='bbox 0 0 1204 3922; x_wconf 95' lang='lat' dir='ltr'><strong> </strong></span> 
     </span>
    </p>
   </div>
  </div>
 </body>
</html>
