2400 3922
468 77 683 141 ..49-

57 242 273 321 consequitur,
292 241 432 320 quotiens
450 239 676 302 desurrererint
693 243 863 318 torminosi,
883 246 935 322 qui
953 247 1082 324 graviter

57 330 179 392 adflicti
202 337 287 411 sunt,
311 336 341 390 ct
364 330 468 409 utique
492 329 623 409 prodest.

152 415 256 479 CXIII.
292 417 376 478 lilius
399 417 536 496 pastillus
559 417 595 479 ad
619 421 799 480 torminosos
823 420 986 483 efficacior:
1010 423 1081 484 Aca-

55 510 124 570 otae
144 525 173 586 p.
189 505 215 566 it
234 505 303 586 IIII,
326 507 408 567 croci
430 506 499 584 pli
523 506 562 586 II,
586 506 678 585 gallae
697 507 765 585 pli
784 507 861 587 VIII,
885 508 1080 589 hypocistidis

58 596 130 678 ph
150 594 219 678 IIII,
243 594 314 675 lycii
332 594 401 674 pli
420 594 488 676 IIII,
511 613 630 656 murrae
649 613 677 674 p.
693 594 718 654 rt
737 581 803 676 llll,
827 597 910 678 rhus,
934 617 993 678 quo
1013 602 1078 662 coci
1098 613 1114 661 5

58 692 199 765 utuntur,
223 683 309 745 nardi
331 685 431 763 spicae
456 683 602 763 Syriacae,
625 683 714 764 aloen,
737 684 922 764 singulorum
946 687 1018 768 pli
1042 688 1078 769 II,

57 775 154 854 anesi,
177 775 312 854 commis,
335 771 521 852 singulorum
544 791 572 850 p.
588 771 613 832 rt
632 772 699 852 IIII,
722 775 834 852 piperis
854 775 932 853 nigri
955 795 983 856 p.
999 776 1024 837 li
1043 777 1077 840 ll.

55 861 253 942 Tunduntur,
272 869 421 942 teruntur,
442 861 613 922 cribrantur
630 879 667 922 er
686 879 758 922 suco
778 862 991 927 cauliculorum
1009 866 1078 928 rubi

59 949 108 1011 vel
136 968 175 1011 ex
202 952 271 1011 rino
300 950 423 1029 Signino
452 950 567 1030 collyrii
593 951 710 1012 tritura.
756 950 831 1013 Cum
861 952 973 1016 luerint
1004 955 1077 1018 haec

59 1039 152 1120 leuia,
178 1046 214 1100 ut
235 1040 330 1118 ungui
358 1038 438 1100 nulla
465 1046 568 1118 pareat
596 1039 759 1120 aspritudo,
787 1042 941 1120 tinguntur
968 1045 1079 1123 pastilli
1098 1058 1131 1108 10

59 1128 198 1208 pondere
221 1126 247 1187 it
270 1128 296 1208 I,
324 1127 374 1188 alii
402 1128 535 1205 pondere
557 1129 714 1189 victoriati.
760 1127 853 1189 Datur
876 1148 955 1191 unus
978 1133 1078 1194 ieiuno

57 1225 130 1278 ante
154 1215 326 1297 meridiem,
350 1216 425 1277 alter
447 1218 478 1276 in
501 1224 620 1278 noctem
639 1235 675 1276 ex
697 1234 785 1296 aqua,
810 1218 836 1277 si
859 1217 957 1279 febres
976 1229 1078 1282 erunt:

59 1324 98 1366 ex
120 1306 192 1366 vino
217 1304 350 1386 Signino,
379 1308 406 1366 si
432 1307 549 1366 sincere
574 1323 683 1384 corpus
707 1306 772 1365 erit.
818 1304 880 1366 Hoc
905 1307 1009 1368 cilicas
1033 1317 1078 1370 est

59 1384 313 1456 medicdmentnm
341 1401 372 1454 et
398 1395 425 1454 si
450 1403 564 1474 cetera,
592 1412 667 1474 qnae
691 1393 814 1475 debent,
842 1396 989 1456 sentiente
1013 1398 1077 1458 cius

58 1482 231 1544 valetudiue
256 1489 337 1544 recte
361 1481 492 1543 adbibita
516 1483 641 1563 luerint,
664 1485 769 1562 utique
793 1492 884 1544 sanat.
1097 1499 1129 1548 15

151 1569 266 1633 CXIIII.
302 1569 442 1632 Pastillus
460 1573 546 1651 item,
568 1573 621 1650 qui
638 1571 777 1651 clysterio
796 1573 956 1634 inmittitur
975 1575 1076 1634 tormi-

58 1662 142 1721 nosis
169 1678 226 1739 per
253 1677 356 1740 anum,
386 1677 456 1720 cnm
483 1660 602 1720 sordida
628 1667 658 1721 ct
686 1660 912 1739 sanguinulenta
936 1661 1076 1743 deiciunt,

60 1749 162 1809 idest
189 1767 260 1810 curn
288 1750 430 1809 intestina
453 1766 557 1808 eorum
581 1766 688 1811 cancer
712 1751 879 1830 occupavit3
908 1768 967 1829 quo
992 1755 1077 1830 quasi

58 1839 196 1898 cauterio
234 1845 306 1898 tunc
343 1837 548 1898 tantummodo
585 1840 630 1899 uti
666 1845 797 1918 oportet,
835 1839 945 1918 alioqui
979 1848 1075 1922 nocet,

60 1925 188 2005 ideoque
222 1944 239 1985 a
272 1923 449 2004 quibusdam
480 1925 687 2004 ignorantibus
720 1928 784 1986 cius
812 1945 886 1987 usus
919 1940 1076 1991 accusatur
1095 1943 1129 1992 2ο

59 2015 148 2093 quasi
180 2032 305 2076 nocuus.
356 2013 474 2094 Recipit
506 2023 604 2075 antem
637 2014 723 2075 haec:
756 2013 881 2075 Chartae
914 2016 1075 2078 conbustae

58 2104 171 2165 cinerIs
200 2121 229 2184 p.
253 2103 279 2163 tt
306 2103 401 2184 XXX,
432 2103 521 2164 calcis
549 2104 631 2163 vivae
658 2101 731 2180 pil
760 2100 881 2183 XXIIII,
910 2098 1075 2185 ἀρσενικοῦ,

60 2193 140 2272 quod
169 2200 217 2254 est
244 2194 509 2273 auripigmentum,
537 2189 610 2269 pit
634 2189 687 2249 XII
691 2237 700 2270 ,
729 2189 906 2251 sandaracae
934 2211 961 2271 p.
981 2191 1007 2251 ll
1029 2191 1074 2254 VI.

62 2279 143 2342 llaec
163 2283 235 2342 trita
252 2283 321 2341 vino
340 2289 589 2361 consperguntur,
613 2282 644 2339 in
663 2297 722 2358 quo
741 2296 808 2339 rosa
828 2286 858 2339 et
877 2279 972 2341 lentes
990 2284 1074 2361 prius

60 2371 275 2450 incoquuntur,
298 2378 332 2431 ut
354 2371 470 2449 possint
493 2370 559 2428 tieri
582 2367 691 2448 pastilli
714 2367 846 2446 pondere
866 2367 891 2428 it
913 2370 1005 2431 duum
1024 2379 1075 2432 aut
1094 2384 1127 2434 25

59 2460 159 2521 unius.
199 2458 274 2519 Cum
293 2476 368 2536 opus
386 2465 445 2538 est,
468 2459 577 2518 teritur
600 2475 679 2519 unus
702 2456 837 2536 pastillus
862 2465 892 2518 et
914 2461 1075 2522 inmittitur

61 2564 114 2624 per
133 2565 243 2626 aquam
262 2546 413 2607 decoctam
438 2565 536 2607 rosam
555 2555 585 2608 et
608 2546 719 2608 lentem
742 2546 914 2627 habentem,
938 2553 964 2608 si
987 2549 1074 2609 febri·

60 2634 208 2696 citabunt:
233 2637 280 2695 sin
299 2637 406 2717 miuus,
425 2654 461 2695 ex
481 2637 549 2696 vino
569 2636 672 2697 eadem
690 2639 806 2696 incocta
826 2635 961 2695 habente.
992 2635 1074 2695 Facit

133 2810 147 2857 1
167 2805 298 2872 quotiens
312 2807 351 2860 L:
370 2806 480 2874 quoties
494 2807 530 2861 tt.
586 2812 603 2859 4
621 2804 821 2875 hypocystidos
835 2804 862 2857 L
880 2802 1073 2872 hypocystidis

58 2875 94 2929 1t.
156 2880 239 2930 brus
257 2876 293 2931 R.
348 2877 431 2945 coqui
449 2877 485 2934 R.
545 2875 699 2946 ticollyria
716 2873 874 2928 formantur
892 2874 949 2928 rItu
968 2889 1074 2943 corum,

58 2961 132 3014 quac
151 2946 188 3001 nd
207 2948 303 3003 oculos
322 2948 393 3003 fiunt
413 2949 456 3002 M.
517 2955 551 3004 10
568 2947 643 3003 levia
660 2945 773 3014 accepti:
792 2943 869 2998 lenia
885 2943 922 2998 R.
976 2945 1009 2998 nt
1027 2944 1073 2998 Me

57 3018 110 3070 aut
123 3015 159 3071 R.
215 3019 367 3101 pareatnL:
382 3019 685 3104 appareotnoornorius
698 3016 797 3087 patent
809 3014 853 3098 R..
891 3021 934 3099 '11
949 3015 1073 3083 pondere

56 3087 603 3216 tttti.it..t1¹tt⁰t²⁹⁸tt¹tt.b
619 3087 908 3228 ...intumit
928 3085 1074 3213 liididt

56 3245 108 3285 om.
130 3230 174 3288 M.
194 3235 220 3286 et
238 3231 266 3286 1t
289 3234 322 3287 ira
344 3233 443 3287 Indice.
516 3231 669 3286 inmittitur
687 3230 727 3283 L:
752 3229 829 3282 imm.
849 3227 884 3282 R.
959 3235 992 3284 it
1012 3245 1074 3283 san-

57 3300 228 3370 guinulenta
241 3302 281 3356 L:
301 3301 517 3372 sanguinolenta
530 3302 566 3357 Ε.
622 3300 748 3356 deiciunt
763 3299 810 3354 M:
830 3298 934 3354 eiciunt
948 3299 984 3354 R.
1039 3303 1072 3352 21

57 3370 178 3426 nociuus
197 3373 232 3427 L.
302 3374 453 3429 conbustae
472 3375 511 3429 L:
531 3372 620 3428 romb.
640 3372 676 3427 tt.
745 3376 779 3426 22
799 3369 917 3424 arrenici
936 3370 970 3423 L.
1039 3375 1074 3423 25

55 3443 184 3512 pondere
202 3459 261 3513 ego:
280 3451 322 3514 p0.
341 3445 379 3499 Β.
451 3451 486 3500 26
504 3443 656 3499 inmittitur
673 3443 713 3496 L:
731 3441 808 3496 imm.
828 3441 863 3496 R.

113 3541 292 3583 Scribonius
306 3543 427 3595 Largus,
442 3544 476 3584 od.
490 3543 631 3586 Heimroioh.
902 3535 922 3582 δι
