<?xml version="1.0" encoding="UTF-8"?>
<!DOCTYPE html PUBLIC "-//W3C//DTD XHTML 1.0 Transitional//EN"
    "http://www.w3.org/TR/xhtml1/DTD/xhtml1-transitional.dtd">
<html xmlns="http://www.w3.org/1999/xhtml" xml:lang="en" lang="en">
 <head>
  <title>
</title>
<meta http-equiv="Content-Type" content="text/html;charset=utf-8" />
  <meta name='ocr-system' content='tesseract 3.04.00' />
  <meta name='ocr-capabilities' content='ocr_page ocr_carea ocr_par ocr_line ocrx_word'/>
</head>
<body>
  <div class='ocr_page' id='page_1' title='image "./paulimanutiiepi00fickgoog_0037.png"; bbox 0 0 2400 3922; ppageno 0'>
   <div class='ocr_carea' id='block_1_1' title="bbox 116 121 815 195">
    <p class='ocr_par' dir='ltr' id='par_1_1' title="bbox 116 121 815 195">
     <span class='ocr_line' id='line_1_1' title="bbox 116 121 815 195; baseline -0.006 -13"><span class='ocrx_word' id='word_1_1' title='bbox 116 129 162 192; x_wconf 82' lang='lat'><strong>24</strong></span> <span class='ocrx_word' id='word_1_2' title='bbox 445 123 521 180; x_wconf 88' lang='lat' dir='ltr'><strong>XlIl.</strong></span> <span class='ocrx_word' id='word_1_3' title='bbox 547 124 690 195; x_wconf 81' lang='lat' dir='ltr'><strong>Stephano</strong></span> <span class='ocrx_word' id='word_1_4' title='bbox 710 121 815 178; x_wconf 82' lang='lat' dir='ltr'><strong>Saulio.</strong></span> 
     </span>
    </p>
   </div>
   <div class='ocr_carea' id='block_1_2' title="bbox 70 285 1153 3559">
    <p class='ocr_par' dir='ltr' id='par_1_2' title="bbox 70 285 1153 3559">
     <span class='ocr_line' id='line_1_2' title="bbox 119 285 1141 373; baseline -0.003 -19"><span class='ocrx_word' id='word_1_5' title='bbox 119 312 189 355; x_wconf 89' lang='lat' dir='ltr'><strong>esse</strong></span> <span class='ocrx_word' id='word_1_6' title='bbox 218 293 396 373; x_wconf 89' lang='lat' dir='ltr'><strong>uersatum,</strong></span> <span class='ocrx_word' id='word_1_7' title='bbox 422 292 460 352; x_wconf 90' lang='lat' dir='ltr'><strong>ut</strong></span> <span class='ocrx_word' id='word_1_8' title='bbox 486 308 585 351; x_wconf 90' lang='lat' dir='ltr'><strong>unam</strong></span> <span class='ocrx_word' id='word_1_9' title='bbox 612 285 751 350; x_wconf 84' lang='lat' dir='ltr'><strong>maxime</strong></span> <span class='ocrx_word' id='word_1_10' title='bbox 780 288 960 367; x_wconf 77' lang='lat' dir='ltr'><strong>spectarem</strong></span> <span class='ocrx_word' id='word_1_11' title='bbox 989 285 1141 369; x_wconf 89' lang='lat' dir='ltr'><strong>eloquen-</strong></span> 
     </span>
     <span class='ocr_line' id='line_1_3' title="bbox 119 373 1153 462; baseline -0.004 -19"><span class='ocrx_word' id='word_1_12' title='bbox 119 379 208 462; x_wconf 91' lang='lat' dir='ltr'><strong>tiam,</strong></span> <span class='ocrx_word' id='word_1_13' title='bbox 230 399 329 441; x_wconf 87' lang='lat' dir='ltr'><strong>unam</strong></span> <span class='ocrx_word' id='word_1_14' title='bbox 353 376 505 462; x_wconf 78' lang='lat' dir='ltr'><strong>colerem,</strong></span> <span class='ocrx_word' id='word_1_15' title='bbox 526 396 625 439; x_wconf 91' lang='lat' dir='ltr'><strong>unam</strong></span> <span class='ocrx_word' id='word_1_16' title='bbox 653 374 834 438; x_wconf 81' lang='lat' dir='ltr'><strong>admirarer.</strong></span> <span class='ocrx_word' id='word_1_17' title='bbox 881 377 981 456; x_wconf 88' lang='lat' dir='ltr'><strong>atque</strong></span> <span class='ocrx_word' id='word_1_18' title='bbox 1003 373 1070 438; x_wconf 86' lang='lat' dir='ltr'><strong>hoe</strong></span> <span class='ocrx_word' id='word_1_19' title='bbox 1092 397 1153 439; x_wconf 60' lang='lat' dir='ltr'><strong>me‘</strong></span> 
     </span>
     <span class='ocr_line' id='line_1_4' title="bbox 118 461 1139 549; baseline -0.003 -19"><span class='ocrx_word' id='word_1_20' title='bbox 118 466 226 531; x_wconf 91' lang='lat' dir='ltr'><strong>studio</strong></span> <span class='ocrx_word' id='word_1_21' title='bbox 251 465 329 531; x_wconf 85' lang='lat' dir='ltr'><strong>satis</strong></span> <span class='ocrx_word' id='word_1_22' title='bbox 357 488 429 530; x_wconf 90' lang='lat' dir='ltr'><strong>mea</strong></span> <span class='ocrx_word' id='word_1_23' title='bbox 457 468 574 549; x_wconf 88' lang='lat' dir='ltr'><strong>sponte</strong></span> <span class='ocrx_word' id='word_1_24' title='bbox 602 463 793 548; x_wconf 87' lang='lat' dir='ltr'><strong>flagrantem</strong></span> <span class='ocrx_word' id='word_1_25' title='bbox 823 461 930 525; x_wconf 88' lang='lat' dir='ltr'><strong>acrius</strong></span> <span class='ocrx_word' id='word_1_26' title='bbox 963 461 1139 528; x_wconf 83' lang='lat' dir='ltr'><strong>inflamma·</strong></span> 
     </span>
     <span class='ocr_line' id='line_1_5' title="bbox 118 548 1139 640; baseline -0.003 -21"><span class='ocrx_word' id='word_1_27' title='bbox 118 556 199 619; x_wconf 88' lang='lat' dir='ltr'><strong>bant</strong></span> <span class='ocrx_word' id='word_1_28' title='bbox 218 554 251 640; x_wconf 92' lang='lat' dir='ltr'><strong>ii,</strong></span> <span class='ocrx_word' id='word_1_29' title='bbox 271 555 328 638; x_wconf 92' lang='lat' dir='ltr'><strong>qui</strong></span> <span class='ocrx_word' id='word_1_30' title='bbox 347 559 418 618; x_wconf 86' lang='lat' dir='ltr'><strong>tum</strong></span> <span class='ocrx_word' id='word_1_31' title='bbox 435 552 582 618; x_wconf 87' lang='lat' dir='ltr'><strong>homines</strong></span> <span class='ocrx_word' id='word_1_32' title='bbox 600 550 766 634; x_wconf 87' lang='lat' dir='ltr'><strong>uiuebant,</strong></span> <span class='ocrx_word' id='word_1_33' title='bbox 785 549 941 633; x_wconf 86' lang='lat' dir='ltr'><strong>Bembus,</strong></span> <span class='ocrx_word' id='word_1_34' title='bbox 961 548 1139 637; x_wconf 85' lang='lat' dir='ltr'><strong>Sadoletus,</strong></span> 
     </span>
     <span class='ocr_line' id='line_1_6' title="bbox 92 638 1137 729; baseline -0.001 -23"><span class='ocrx_word' id='word_1_35' title='bbox 92 643 325 729; x_wconf 80' lang='lat' dir='ltr'><strong>aBonamicus,</strong></span> <span class='ocrx_word' id='word_1_36' title='bbox 349 664 488 726; x_wconf 88' lang='lat' dir='ltr'><strong>quorum</strong></span> <span class='ocrx_word' id='word_1_37' title='bbox 509 639 640 704; x_wconf 89' lang='lat' dir='ltr'><strong>nomina</strong></span> <span class='ocrx_word' id='word_1_38' title='bbox 663 660 722 722; x_wconf 92' lang='lat' dir='ltr'><strong>per</strong></span> <span class='ocrx_word' id='word_1_39' title='bbox 746 638 859 702; x_wconf 89' lang='lat' dir='ltr'><strong>orbem</strong></span> <span class='ocrx_word' id='word_1_40' title='bbox 881 642 1045 704; x_wconf 87' lang='lat' dir='ltr'><strong>terrarum</strong></span> <span class='ocrx_word' id='word_1_41' title='bbox 1065 640 1137 705; x_wconf 81' lang='grc'>1111</span> 
     </span>
     <span class='ocr_line' id='line_1_7' title="bbox 118 725 1138 812; baseline -0.004 -14"><span class='ocrx_word' id='word_1_42' title='bbox 118 733 213 797; x_wconf 87' lang='lat' dir='ltr'><strong>brata</strong></span> <span class='ocrx_word' id='word_1_43' title='bbox 236 731 439 797; x_wconf 83' lang='lat' dir='ltr'><strong>sermonibus</strong></span> <span class='ocrx_word' id='word_1_44' title='bbox 462 733 494 792; x_wconf 89' lang='lat' dir='ltr'><strong>et</strong></span> <span class='ocrx_word' id='word_1_45' title='bbox 521 727 651 810; x_wconf 87' lang='lat' dir='ltr'><strong>scriptis</strong></span> <span class='ocrx_word' id='word_1_46' title='bbox 675 727 840 812; x_wconf 84' lang='lat' dir='ltr'><strong>exstingui</strong></span> <span class='ocrx_word' id='word_1_47' title='bbox 862 725 952 792; x_wconf 85' lang='lat' dir='ltr'><strong>nulla</strong></span> <span class='ocrx_word' id='word_1_48' title='bbox 975 732 1138 794; x_wconf 85' lang='lat' dir='ltr'><strong>uetustate</strong></span> 
     </span>
     <span class='ocr_line' id='line_1_8' title="bbox 117 815 1137 905; baseline -0.003 -20"><span class='ocrx_word' id='word_1_49' title='bbox 117 843 214 905; x_wconf 89' lang='lat' dir='ltr'><strong>posse</strong></span> <span class='ocrx_word' id='word_1_50' title='bbox 242 818 474 904; x_wconf 77' lang='lat' dir='ltr'><strong>intelligebam.</strong></span> <span class='ocrx_word' id='word_1_51' title='bbox 528 816 627 880; x_wconf 91' lang='lat' dir='ltr'><strong>Polus</strong></span> <span class='ocrx_word' id='word_1_52' title='bbox 659 815 712 879; x_wconf 93' lang='lat' dir='ltr'><strong>hio</strong></span> <span class='ocrx_word' id='word_1_53' title='bbox 738 819 863 902; x_wconf 88' lang='lat' dir='ltr'><strong>noster,</strong></span> <span class='ocrx_word' id='word_1_54' title='bbox 897 815 954 900; x_wconf 93' lang='lat' dir='ltr'><strong>qui</strong></span> <span class='ocrx_word' id='word_1_55' title='bbox 986 838 1077 882; x_wconf 89' lang='lat' dir='ltr'><strong>nuno</strong></span> <span class='ocrx_word' id='word_1_56' title='bbox 1105 817 1137 882; x_wconf 89' lang='lat' dir='ltr'><strong>in</strong></span> 
     </span>
     <span class='ocr_line' id='line_1_9' title="bbox 118 903 1137 991; baseline -0.001 -19"><span class='ocrx_word' id='word_1_57' title='bbox 118 909 206 972; x_wconf 91' lang='lat' dir='ltr'><strong>omni</strong></span> <span class='ocrx_word' id='word_1_58' title='bbox 229 907 323 971; x_wconf 90' lang='lat' dir='ltr'><strong>laude</strong></span> <span class='ocrx_word' id='word_1_59' title='bbox 348 905 502 988; x_wconf 90' lang='lat' dir='ltr'><strong>omnique</strong></span> <span class='ocrx_word' id='word_1_60' title='bbox 524 904 648 968; x_wconf 88' lang='lat' dir='ltr'><strong>uirtute</strong></span> <span class='ocrx_word' id='word_1_61' title='bbox 668 908 779 968; x_wconf 86' lang='lat' dir='ltr'><strong>tantus</strong></span> <span class='ocrx_word' id='word_1_62' title='bbox 798 908 856 991; x_wconf 89' lang='lat' dir='ltr'><strong>est,</strong></span> <span class='ocrx_word' id='word_1_63' title='bbox 880 903 947 968; x_wconf 88' lang='lat' dir='ltr'><strong>suis</strong></span> <span class='ocrx_word' id='word_1_64' title='bbox 969 927 1023 969; x_wconf 91' lang='lat' dir='ltr'><strong>me</strong></span> <span class='ocrx_word' id='word_1_65' title='bbox 1042 905 1137 990; x_wconf 85' lang='lat' dir='ltr'><strong>scrip·</strong></span> 
     </span>
     <span class='ocr_line' id='line_1_10' title="bbox 119 993 1137 1081; baseline -0.001 -22"><span class='ocrx_word' id='word_1_66' title='bbox 119 997 162 1060; x_wconf 87' lang='lat' dir='ltr'><strong>tis</strong></span> <span class='ocrx_word' id='word_1_67' title='bbox 195 995 345 1078; x_wconf 87' lang='lat' dir='ltr'><strong>capiebat</strong></span> <span class='ocrx_word' id='word_1_68' title='bbox 373 999 471 1078; x_wconf 91' lang='lat' dir='ltr'><strong>atque</strong></span> <span class='ocrx_word' id='word_1_69' title='bbox 499 993 663 1058; x_wconf 86' lang='lat' dir='ltr'><strong>afficiebat</strong></span> <span class='ocrx_word' id='word_1_70' title='bbox 694 993 843 1057; x_wconf 87' lang='lat' dir='ltr'><strong>maxime.</strong></span> <span class='ocrx_word' id='word_1_71' title='bbox 890 1014 952 1080; x_wconf 90' lang='lat' dir='ltr'><strong>ego</strong></span> <span class='ocrx_word' id='word_1_72' title='bbox 984 997 1071 1081; x_wconf 91' lang='lat' dir='ltr'><strong>tum,</strong></span> <span class='ocrx_word' id='word_1_73' title='bbox 1101 999 1137 1058; x_wconf 86' lang='lat' dir='ltr'><strong>ut</strong></span> 
     </span>
     <span class='ocr_line' id='line_1_11' title="bbox 78 1080 1137 1168; baseline 0.002 -22"><span class='ocrx_word' id='word_1_74' title='bbox 78 1106 105 1146; x_wconf 82' lang='lat' dir='ltr'><strong>ro</strong></span> <span class='ocrx_word' id='word_1_75' title='bbox 119 1088 188 1148; x_wconf 88' lang='lat' dir='ltr'><strong>erat</strong></span> <span class='ocrx_word' id='word_1_76' title='bbox 211 1088 299 1147; x_wconf 89' lang='lat' dir='ltr'><strong>aetas</strong></span> <span class='ocrx_word' id='word_1_77' title='bbox 322 1104 402 1168; x_wconf 88' lang='lat' dir='ltr'><strong>mea,</strong></span> <span class='ocrx_word' id='word_1_78' title='bbox 425 1087 554 1165; x_wconf 88' lang='lat' dir='ltr'><strong>praeter</strong></span> <span class='ocrx_word' id='word_1_79' title='bbox 572 1082 747 1146; x_wconf 91' lang='lat' dir='ltr'><strong>uerborum</strong></span> <span class='ocrx_word' id='word_1_80' title='bbox 766 1085 799 1145; x_wconf 90' lang='grc'><strong>11</strong></span> <span class='ocrx_word' id='word_1_81' title='bbox 816 1080 1049 1147; x_wconf 83' lang='lat' dir='ltr'><strong>nonnullarum</strong></span> <span class='ocrx_word' id='word_1_82' title='bbox 1072 1104 1137 1148; x_wconf 86' lang='lat' dir='ltr'><strong>sen·</strong></span> 
     </span>
     <span class='ocr_line' id='line_1_12' title="bbox 116 1170 1137 1256; baseline 0.001 -20"><span class='ocrx_word' id='word_1_83' title='bbox 116 1172 292 1236; x_wconf 89' lang='lat' dir='ltr'><strong>tentiarum</strong></span> <span class='ocrx_word' id='word_1_84' title='bbox 317 1175 505 1237; x_wconf 89' lang='lat' dir='ltr'><strong>ornamenta</strong></span> <span class='ocrx_word' id='word_1_85' title='bbox 531 1170 615 1236; x_wconf 87' lang='lat' dir='ltr'><strong>nihil</strong></span> <span class='ocrx_word' id='word_1_86' title='bbox 642 1170 866 1256; x_wconf 86' lang='lat' dir='ltr'><strong>agnoscebam.</strong></span> <span class='ocrx_word' id='word_1_87' title='bbox 912 1191 994 1254; x_wconf 88' lang='lat' dir='ltr'><strong>pure</strong></span> <span class='ocrx_word' id='word_1_88' title='bbox 1023 1174 1056 1235; x_wconf 89' lang='lat' dir='ltr'><strong>et</strong></span> <span class='ocrx_word' id='word_1_89' title='bbox 1079 1171 1137 1237; x_wconf 88' lang='lat' dir='ltr'><strong>ele·</strong></span> 
     </span>
     <span class='ocr_line' id='line_1_13' title="bbox 116 1258 1138 1346; baseline 0.002 -23"><span class='ocrx_word' id='word_1_90' title='bbox 116 1264 232 1346; x_wconf 90' lang='lat' dir='ltr'><strong>ganter</strong></span> <span class='ocrx_word' id='word_1_91' title='bbox 254 1260 395 1324; x_wconf 89' lang='lat' dir='ltr'><strong>scribere</strong></span> <span class='ocrx_word' id='word_1_92' title='bbox 419 1260 576 1342; x_wconf 89' lang='lat' dir='ltr'><strong>putabam</strong></span> <span class='ocrx_word' id='word_1_93' title='bbox 604 1281 672 1323; x_wconf 90' lang='lat' dir='ltr'><strong>esse</strong></span> <span class='ocrx_word' id='word_1_94' title='bbox 696 1258 742 1342; x_wconf 91' lang='lat' dir='ltr'><strong>id,</strong></span> <span class='ocrx_word' id='word_1_95' title='bbox 771 1258 859 1341; x_wconf 91' lang='lat' dir='ltr'><strong>quod</strong></span> <span class='ocrx_word' id='word_1_96' title='bbox 881 1280 983 1323; x_wconf 91' lang='lat' dir='ltr'><strong>unum</strong></span> <span class='ocrx_word' id='word_1_97' title='bbox 1007 1259 1035 1323; x_wconf 90' lang='lat' dir='ltr'><strong>si</strong></span> <span class='ocrx_word' id='word_1_98' title='bbox 1058 1281 1138 1325; x_wconf 78' lang='lat' dir='ltr'><strong>asse</strong></span> 
     </span>
     <span class='ocr_line' id='line_1_14' title="bbox 118 1347 1136 1434; baseline 0 -22"><span class='ocrx_word' id='word_1_99' title='bbox 118 1370 247 1434; x_wconf 89' lang='lat' dir='ltr'><strong>querer,</strong></span> <span class='ocrx_word' id='word_1_100' title='bbox 280 1348 477 1413; x_wconf 85' lang='lat' dir='ltr'><strong>excellerem.</strong></span> <span class='ocrx_word' id='word_1_101' title='bbox 531 1348 587 1413; x_wconf 86' lang='lat' dir='ltr'><strong>scd</strong></span> <span class='ocrx_word' id='word_1_102' title='bbox 615 1347 835 1411; x_wconf 85' lang='lat' dir='ltr'><strong>Rhambertus</strong></span> <span class='ocrx_word' id='word_1_103' title='bbox 868 1369 973 1432; x_wconf 89' lang='lat' dir='ltr'><strong>meus,</strong></span> <span class='ocrx_word' id='word_1_104' title='bbox 1009 1348 1067 1432; x_wconf 91' lang='lat' dir='ltr'><strong>qui</strong></span> <span class='ocrx_word' id='word_1_105' title='bbox 1098 1371 1136 1414; x_wconf 84' lang='lat' dir='ltr'><strong>ex</strong></span> 
     </span>
     <span class='ocr_line' id='line_1_15' title="bbox 118 1435 1137 1523; baseline 0 -22"><span class='ocrx_word' id='word_1_106' title='bbox 118 1435 271 1520; x_wconf 79' lang='lat' dir='ltr'><strong>Gasparis</strong></span> <span class='ocrx_word' id='word_1_107' title='bbox 296 1437 477 1523; x_wconf 79' lang='lat' dir='ltr'><strong>Contereni,</strong></span> <span class='ocrx_word' id='word_1_108' title='bbox 505 1435 774 1520; x_wconf 78' lang='lat' dir='ltr'><strong>praestantissimi</strong></span> <span class='ocrx_word' id='word_1_109' title='bbox 802 1435 879 1521; x_wconf 90' lang='lat' dir='ltr'><strong>uiri,</strong></span> <span class='ocrx_word' id='word_1_110' title='bbox 906 1436 1137 1503; x_wconf 79' lang='lat' dir='ltr'><strong>consuetudine</strong></span> 
     </span>
     <span class='ocr_line' id='line_1_16' title="bbox 78 1524 1136 1612; baseline 0.005 -26"><span class='ocrx_word' id='word_1_111' title='bbox 78 1546 103 1587; x_wconf 79' lang='grc'><strong>11</strong></span> <span class='ocrx_word' id='word_1_112' title='bbox 116 1525 324 1608; x_wconf 82' lang='lat' dir='ltr'><strong>prudentiam</strong></span> <span class='ocrx_word' id='word_1_113' title='bbox 351 1526 516 1612; x_wconf 84' lang='lat' dir='ltr'><strong>hauserat,</strong></span> <span class='ocrx_word' id='word_1_114' title='bbox 548 1525 713 1609; x_wconf 88' lang='lat' dir='ltr'><strong>praeclara</strong></span> <span class='ocrx_word' id='word_1_115' title='bbox 746 1524 903 1608; x_wconf 88' lang='lat' dir='ltr'><strong>quaedam</strong></span> <span class='ocrx_word' id='word_1_116' title='bbox 933 1525 1074 1591; x_wconf 85' lang='lat' dir='ltr'><strong>notabat</strong></span> <span class='ocrx_word' id='word_1_117' title='bbox 1103 1525 1136 1590; x_wconf 89' lang='lat' dir='ltr'><strong>in</strong></span> 
     </span>
     <span class='ocr_line' id='line_1_17' title="bbox 115 1612 1135 1699; baseline 0.001 -21"><span class='ocrx_word' id='word_1_118' title='bbox 115 1614 198 1680; x_wconf 91' lang='lat' dir='ltr'><strong>Polo</strong></span> <span class='ocrx_word' id='word_1_119' title='bbox 221 1637 340 1699; x_wconf 91' lang='lat' dir='ltr'><strong>meque</strong></span> <span class='ocrx_word' id='word_1_120' title='bbox 359 1615 470 1699; x_wconf 89' lang='lat' dir='ltr'><strong>paullo</strong></span> <span class='ocrx_word' id='word_1_121' title='bbox 490 1619 596 1679; x_wconf 88' lang='lat' dir='ltr'><strong>aetate</strong></span> <span class='ocrx_word' id='word_1_122' title='bbox 614 1614 807 1699; x_wconf 83' lang='lat' dir='ltr'><strong>inferiorem,</strong></span> <span class='ocrx_word' id='word_1_123' title='bbox 831 1635 870 1677; x_wconf 85' lang='lat' dir='ltr'><strong>ex</strong></span> <span class='ocrx_word' id='word_1_124' title='bbox 889 1612 1026 1699; x_wconf 88' lang='lat' dir='ltr'><strong>uulgata</strong></span> <span class='ocrx_word' id='word_1_125' title='bbox 1044 1636 1135 1679; x_wconf 85' lang='lat' dir='ltr'><strong>uena·</strong></span> 
     </span>
     <span class='ocr_line' id='line_1_18' title="bbox 114 1701 1137 1791; baseline 0.002 -25"><span class='ocrx_word' id='word_1_126' title='bbox 114 1703 197 1769; x_wconf 90' lang='lat' dir='ltr'><strong>lium</strong></span> <span class='ocrx_word' id='word_1_127' title='bbox 224 1704 455 1791; x_wconf 85' lang='lat' dir='ltr'><strong>magistrorum</strong></span> <span class='ocrx_word' id='word_1_128' title='bbox 483 1703 654 1787; x_wconf 82' lang='lat' dir='ltr'><strong>disciplina</strong></span> <span class='ocrx_word' id='word_1_129' title='bbox 681 1702 794 1767; x_wconf 91' lang='lat' dir='ltr'><strong>rudem</strong></span> <span class='ocrx_word' id='word_1_130' title='bbox 821 1706 921 1784; x_wconf 91' lang='lat' dir='ltr'><strong>atque</strong></span> <span class='ocrx_word' id='word_1_131' title='bbox 948 1701 1137 1786; x_wconf 86' lang='lat' dir='ltr'><strong>impolitum</strong></span> 
     </span>
     <span class='ocr_line' id='line_1_19' title="bbox 116 1790 1136 1877; baseline 0.001 -22"><span class='ocrx_word' id='word_1_132' title='bbox 116 1792 285 1855; x_wconf 85' lang='lat' dir='ltr'><strong>erudiebat</strong></span> <span class='ocrx_word' id='word_1_133' title='bbox 300 1797 333 1856; x_wconf 90' lang='lat' dir='ltr'><strong>et</strong></span> <span class='ocrx_word' id='word_1_134' title='bbox 348 1792 570 1856; x_wconf 86' lang='lat' dir='ltr'><strong>conformabat</strong></span> <span class='ocrx_word' id='word_1_135' title='bbox 589 1791 747 1874; x_wconf 86' lang='lat' dir='ltr'><strong>exemplo.</strong></span> <span class='ocrx_word' id='word_1_136' title='bbox 788 1794 859 1855; x_wconf 88' lang='lat' dir='ltr'><strong>tum</strong></span> <span class='ocrx_word' id='word_1_137' title='bbox 878 1790 1020 1877; x_wconf 91' lang='lat' dir='ltr'><strong>quidem,</strong></span> <span class='ocrx_word' id='word_1_138' title='bbox 1040 1814 1136 1877; x_wconf 85' lang='lat' dir='ltr'><strong>quan·</strong></span> 
     </span>
     <span class='ocr_line' id='line_1_20' title="bbox 115 1878 1136 1965; baseline 0.004 -24"><span class='ocrx_word' id='word_1_139' title='bbox 115 1882 186 1942; x_wconf 88' lang='lat' dir='ltr'><strong>tum</strong></span> <span class='ocrx_word' id='word_1_140' title='bbox 214 1879 419 1964; x_wconf 85' lang='lat' dir='ltr'><strong>proficerem,</strong></span> <span class='ocrx_word' id='word_1_141' title='bbox 446 1901 512 1942; x_wconf 90' lang='lat' dir='ltr'><strong>non</strong></span> <span class='ocrx_word' id='word_1_142' title='bbox 539 1900 590 1942; x_wconf 92' lang='lat' dir='ltr'><strong>me</strong></span> <span class='ocrx_word' id='word_1_143' title='bbox 618 1878 807 1962; x_wconf 89' lang='lat' dir='ltr'><strong>paenitebat</strong></span> <span class='ocrx_word' id='word_1_144' title='bbox 837 1883 870 1943; x_wconf 89' lang='lat' dir='ltr'><strong>et</strong></span> <span class='ocrx_word' id='word_1_145' title='bbox 900 1900 940 1942; x_wconf 87' lang='lat' dir='ltr'><strong>ex</strong></span> <span class='ocrx_word' id='word_1_146' title='bbox 970 1879 1024 1964; x_wconf 87' lang='lat' dir='ltr'><strong>iis,</strong></span> <span class='ocrx_word' id='word_1_147' title='bbox 1056 1902 1136 1965; x_wconf 86' lang='lat' dir='ltr'><strong>quae</strong></span> 
     </span>
     <span class='ocr_line' id='line_1_21' title="bbox 77 1965 1136 2054; baseline 0.003 -25"><span class='ocrx_word' id='word_1_148' title='bbox 77 1987 105 2028; x_wconf 81' lang='lat' dir='ltr'><strong>ao</strong></span> <span class='ocrx_word' id='word_1_149' title='bbox 118 1965 265 2051; x_wconf 89' lang='lat' dir='ltr'><strong>ieceram,</strong></span> <span class='ocrx_word' id='word_1_150' title='bbox 288 1966 507 2030; x_wconf 80' lang='lat' dir='ltr'><strong>fundamentis</strong></span> <span class='ocrx_word' id='word_1_151' title='bbox 525 1966 650 2049; x_wconf 91' lang='lat' dir='ltr'><strong>aliquid</strong></span> <span class='ocrx_word' id='word_1_152' title='bbox 673 1966 843 2052; x_wconf 89' lang='lat' dir='ltr'><strong>eiusmodi,</strong></span> <span class='ocrx_word' id='word_1_153' title='bbox 867 1967 962 2051; x_wconf 85' lang='lat' dir='ltr'><strong>quale</strong></span> <span class='ocrx_word' id='word_1_154' title='bbox 987 1989 1049 2054; x_wconf 83' lang='lat' dir='ltr'><strong>ego</strong></span> <span class='ocrx_word' id='word_1_155' title='bbox 1072 1969 1136 2034; x_wconf 89' lang='lat' dir='ltr'><strong>uel·</strong></span> 
     </span>
     <span class='ocr_line' id='line_1_22' title="bbox 114 2054 1135 2141; baseline 0.004 -23"><span class='ocrx_word' id='word_1_156' title='bbox 114 2055 189 2141; x_wconf 87' lang='lat' dir='ltr'><strong>lem,</strong></span> <span class='ocrx_word' id='word_1_157' title='bbox 213 2054 345 2120; x_wconf 88' lang='lat' dir='ltr'><strong>excitari</strong></span> <span class='ocrx_word' id='word_1_158' title='bbox 368 2055 541 2139; x_wconf 88' lang='lat' dir='ltr'><strong>aliquando</strong></span> <span class='ocrx_word' id='word_1_159' title='bbox 565 2077 660 2138; x_wconf 90' lang='lat' dir='ltr'><strong>posse</strong></span> <span class='ocrx_word' id='word_1_160' title='bbox 684 2055 864 2119; x_wconf 86' lang='lat' dir='ltr'><strong>uidebatur.</strong></span> <span class='ocrx_word' id='word_1_161' title='bbox 910 2056 966 2120; x_wconf 89' lang='lat' dir='ltr'><strong>sed</strong></span> <span class='ocrx_word' id='word_1_162' title='bbox 985 2056 1020 2121; x_wconf 92' lang='lat' dir='ltr'><strong>in</strong></span> <span class='ocrx_word' id='word_1_163' title='bbox 1038 2058 1135 2122; x_wconf 87' lang='lat' dir='ltr'><strong>rebus</strong></span> 
     </span>
     <span class='ocr_line' id='line_1_23' title="bbox 114 2143 1136 2230; baseline 0.004 -22"><span class='ocrx_word' id='word_1_164' title='bbox 114 2143 265 2209; x_wconf 88' lang='lat' dir='ltr'><strong>humanis</strong></span> <span class='ocrx_word' id='word_1_165' title='bbox 294 2144 367 2228; x_wconf 90' lang='lat' dir='ltr'><strong>quis</strong></span> <span class='ocrx_word' id='word_1_166' title='bbox 395 2149 457 2230; x_wconf 89' lang='lat' dir='ltr'><strong>est,</strong></span> <span class='ocrx_word' id='word_1_167' title='bbox 485 2144 537 2209; x_wconf 87' lang='lat' dir='ltr'><strong>eui</strong></span> <span class='ocrx_word' id='word_1_168' title='bbox 563 2144 646 2209; x_wconf 91' lang='lat' dir='ltr'><strong>nihil</strong></span> <span class='ocrx_word' id='word_1_169' title='bbox 680 2166 835 2228; x_wconf 89' lang='lat' dir='ltr'><strong>umquam</strong></span> <span class='ocrx_word' id='word_1_170' title='bbox 867 2165 957 2209; x_wconf 90' lang='lat' dir='ltr'><strong>secus</strong></span> <span class='ocrx_word' id='word_1_171' title='bbox 989 2145 1136 2212; x_wconf 82' lang='lat' dir='ltr'><strong>accidat?</strong></span> 
     </span>
     <span class='ocr_line' id='line_1_24' title="bbox 114 2233 1135 2318; baseline 0.004 -21"><span class='ocrx_word' id='word_1_172' title='bbox 114 2255 188 2297; x_wconf 88' lang='lat' dir='ltr'><strong>eum</strong></span> <span class='ocrx_word' id='word_1_173' title='bbox 212 2234 246 2299; x_wconf 93' lang='lat' dir='ltr'><strong>in</strong></span> <span class='ocrx_word' id='word_1_174' title='bbox 265 2233 468 2318; x_wconf 89' lang='lat' dir='ltr'><strong>eloquentiae</strong></span> <span class='ocrx_word' id='word_1_175' title='bbox 487 2233 594 2300; x_wconf 91' lang='lat' dir='ltr'><strong>studio</strong></span> <span class='ocrx_word' id='word_1_176' title='bbox 613 2233 735 2298; x_wconf 86' lang='lat' dir='ltr'><strong>multus</strong></span> <span class='ocrx_word' id='word_1_177' title='bbox 754 2254 857 2298; x_wconf 91' lang='lat' dir='ltr'><strong>essem</strong></span> <span class='ocrx_word' id='word_1_178' title='bbox 874 2255 934 2298; x_wconf 90' lang='lat' dir='ltr'><strong>nee</strong></span> <span class='ocrx_word' id='word_1_179' title='bbox 952 2234 1032 2299; x_wconf 83' lang='lat' dir='ltr'><strong>setis</strong></span> <span class='ocrx_word' id='word_1_180' title='bbox 1050 2235 1135 2301; x_wconf 84' lang='lat' dir='ltr'><strong>uale-</strong></span> 
     </span>
     <span class='ocr_line' id='line_1_25' title="bbox 118 2321 1136 2407; baseline 0.005 -24"><span class='ocrx_word' id='word_1_181' title='bbox 118 2321 223 2383; x_wconf 88' lang='lat' dir='ltr'><strong>tudini</strong></span> <span class='ocrx_word' id='word_1_182' title='bbox 251 2343 429 2407; x_wconf 85' lang='lat' dir='ltr'><strong>parcerem,</strong></span> <span class='ocrx_word' id='word_1_183' title='bbox 456 2322 554 2386; x_wconf 89' lang='lat' dir='ltr'><strong>incidi</strong></span> <span class='ocrx_word' id='word_1_184' title='bbox 583 2323 618 2387; x_wconf 91' lang='lat' dir='ltr'><strong>in</strong></span> <span class='ocrx_word' id='word_1_185' title='bbox 646 2323 804 2387; x_wconf 93' lang='lat' dir='ltr'><strong>morbum.</strong></span> <span class='ocrx_word' id='word_1_186' title='bbox 856 2321 913 2405; x_wconf 90' lang='lat' dir='ltr'><strong>qui</strong></span> <span class='ocrx_word' id='word_1_187' title='bbox 945 2343 1019 2386; x_wconf 90' lang='lat' dir='ltr'><strong>cum</strong></span> <span class='ocrx_word' id='word_1_188' title='bbox 1051 2328 1136 2390; x_wconf 81' lang='lat' dir='ltr'><strong>esset</strong></span> 
     </span>
     <span class='ocr_line' id='line_1_26' title="bbox 72 2408 1136 2495; baseline 0.008 -26"><span class='ocrx_word' id='word_1_189' title='bbox 72 2427 100 2469; x_wconf 79' lang='lat' dir='ltr'><strong>aa</strong></span> <span class='ocrx_word' id='word_1_190' title='bbox 114 2430 174 2491; x_wconf 92' lang='lat' dir='ltr'><strong>per</strong></span> <span class='ocrx_word' id='word_1_191' title='bbox 192 2429 226 2470; x_wconf 91' lang='lat' dir='ltr'><strong>se</strong></span> <span class='ocrx_word' id='word_1_192' title='bbox 244 2408 362 2492; x_wconf 89' lang='lat' dir='ltr'><strong>grauis,</strong></span> <span class='ocrx_word' id='word_1_193' title='bbox 385 2414 455 2474; x_wconf 85' lang='lat' dir='ltr'><strong>tum</strong></span> <span class='ocrx_word' id='word_1_194' title='bbox 474 2431 512 2473; x_wconf 94' lang='lat' dir='ltr'><strong>eo</strong></span> <span class='ocrx_word' id='word_1_195' title='bbox 531 2409 636 2472; x_wconf 86' lang='lat' dir='ltr'><strong>factus</strong></span> <span class='ocrx_word' id='word_1_196' title='bbox 658 2413 707 2472; x_wconf 87' lang='lat' dir='ltr'><strong>est</strong></span> <span class='ocrx_word' id='word_1_197' title='bbox 725 2409 944 2495; x_wconf 90' lang='lat' dir='ltr'><strong>periculosior,</strong></span> <span class='ocrx_word' id='word_1_198' title='bbox 968 2411 1056 2494; x_wconf 90' lang='lat' dir='ltr'><strong>quod</strong></span> <span class='ocrx_word' id='word_1_199' title='bbox 1074 2434 1136 2478; x_wconf 90' lang='lat' dir='ltr'><strong>usu</strong></span> 
     </span>
     <span class='ocr_line' id='line_1_27' title="bbox 113 2493 1134 2585; baseline 0.008 -27"><span class='ocrx_word' id='word_1_200' title='bbox 113 2495 195 2578; x_wconf 89' lang='lat' dir='ltr'><strong>mihi</strong></span> <span class='ocrx_word' id='word_1_201' title='bbox 222 2493 381 2559; x_wconf 91' lang='lat' dir='ltr'><strong>librorum</strong></span> <span class='ocrx_word' id='word_1_202' title='bbox 409 2516 427 2558; x_wconf 90' lang='lat' dir='ltr'><strong>a</strong></span> <span class='ocrx_word' id='word_1_203' title='bbox 459 2495 591 2560; x_wconf 87' lang='lat' dir='ltr'><strong>medicis</strong></span> <span class='ocrx_word' id='word_1_204' title='bbox 623 2495 795 2560; x_wconf 88' lang='lat' dir='ltr'><strong>interdicto</strong></span> <span class='ocrx_word' id='word_1_205' title='bbox 825 2520 944 2585; x_wconf 88' lang='lat' dir='ltr'><strong>magna</strong></span> <span class='ocrx_word' id='word_1_206' title='bbox 976 2521 1053 2565; x_wconf 89' lang='lat' dir='ltr'><strong>sane</strong></span> <span class='ocrx_word' id='word_1_207' title='bbox 1085 2506 1134 2566; x_wconf 89' lang='lat' dir='ltr'><strong>est</strong></span> 
     </span>
     <span class='ocr_line' id='line_1_28' title="bbox 114 2581 1134 2673; baseline 0.009 -28"><span class='ocrx_word' id='word_1_208' title='bbox 114 2581 213 2646; x_wconf 88' lang='lat' dir='ltr'><strong>animi</strong></span> <span class='ocrx_word' id='word_1_209' title='bbox 242 2582 306 2646; x_wconf 92' lang='lat' dir='ltr'><strong>mei</strong></span> <span class='ocrx_word' id='word_1_210' title='bbox 334 2583 461 2647; x_wconf 88' lang='lat' dir='ltr'><strong>affectio</strong></span> <span class='ocrx_word' id='word_1_211' title='bbox 493 2587 593 2667; x_wconf 88' lang='lat' dir='ltr'><strong>atque</strong></span> <span class='ocrx_word' id='word_1_212' title='bbox 625 2584 794 2669; x_wconf 81' lang='lat' dir='ltr'><strong>aegritudo</strong></span> <span class='ocrx_word' id='word_1_213' title='bbox 827 2592 1008 2652; x_wconf 89' lang='lat' dir='ltr'><strong>consecuta.</strong></span> <span class='ocrx_word' id='word_1_214' title='bbox 1056 2595 1134 2673; x_wconf 88' lang='lat' dir='ltr'><strong>post</strong></span> 
     </span>
     <span class='ocr_line' id='line_1_29' title="bbox 114 2670 1135 2760; baseline 0.008 -25"><span class='ocrx_word' id='word_1_215' title='bbox 114 2670 282 2735; x_wconf 91' lang='lat' dir='ltr'><strong>biennium</strong></span> <span class='ocrx_word' id='word_1_216' title='bbox 305 2670 445 2754; x_wconf 89' lang='lat' dir='ltr'><strong>denique</strong></span> <span class='ocrx_word' id='word_1_217' title='bbox 462 2671 647 2735; x_wconf 88' lang='lat' dir='ltr'><strong>ualetudine</strong></span> <span class='ocrx_word' id='word_1_218' title='bbox 671 2678 873 2760; x_wconf 85' lang='lat' dir='ltr'><strong>recuperata,</strong></span> <span class='ocrx_word' id='word_1_219' title='bbox 896 2697 968 2739; x_wconf 91' lang='lat' dir='ltr'><strong>eum</strong></span> <span class='ocrx_word' id='word_1_220' title='bbox 991 2683 1135 2759; x_wconf 83' lang='lat' dir='ltr'><strong>practer-</strong></span> 
     </span>
     <span class='ocr_line' id='line_1_30' title="bbox 113 2758 1134 2851; baseline 0.009 -29"><span class='ocrx_word' id='word_1_221' title='bbox 113 2758 153 2823; x_wconf 90' lang='lat' dir='ltr'><strong>iti</strong></span> <span class='ocrx_word' id='word_1_222' title='bbox 184 2759 341 2841; x_wconf 89' lang='lat' dir='ltr'><strong>temporis</strong></span> <span class='ocrx_word' id='word_1_223' title='bbox 372 2759 529 2824; x_wconf 81' lang='grc'>1111111111</span> <span class='ocrx_word' id='word_1_224' title='bbox 566 2759 683 2824; x_wconf 85' lang='lat' dir='ltr'><strong>sarcire</strong></span> <span class='ocrx_word' id='word_1_225' title='bbox 716 2761 886 2848; x_wconf 86' lang='lat' dir='ltr'><strong>diligentia</strong></span> <span class='ocrx_word' id='word_1_226' title='bbox 922 2763 1055 2851; x_wconf 91' lang='lat' dir='ltr'><strong>uellem,</strong></span> <span class='ocrx_word' id='word_1_227' title='bbox 1092 2767 1134 2831; x_wconf 92' lang='lat' dir='ltr'><strong>ad</strong></span> 
     </span>
     <span class='ocr_line' id='line_1_31' title="bbox 73 2846 1135 2934; baseline 0.01 -25"><span class='ocrx_word' id='word_1_228' title='bbox 73 2868 100 2910; x_wconf 72' lang='lat' dir='ltr'><strong>ao</strong></span> <span class='ocrx_word' id='word_1_229' title='bbox 114 2846 252 2933; x_wconf 90' lang='lat' dir='ltr'><strong>pristina</strong></span> <span class='ocrx_word' id='word_1_230' title='bbox 275 2847 381 2912; x_wconf 91' lang='lat' dir='ltr'><strong>studia</strong></span> <span class='ocrx_word' id='word_1_231' title='bbox 403 2847 589 2912; x_wconf 89' lang='lat' dir='ltr'><strong>redeuntem</strong></span> <span class='ocrx_word' id='word_1_232' title='bbox 618 2857 815 2934; x_wconf 79' lang='lat' dir='ltr'><strong>exceperrmt</strong></span> <span class='ocrx_word' id='word_1_233' title='bbox 843 2852 1036 2917; x_wconf 87' lang='lat' dir='ltr'><strong>domesticae</strong></span> <span class='ocrx_word' id='word_1_234' title='bbox 1060 2876 1135 2921; x_wconf 87' lang='lat' dir='ltr'><strong>con-</strong></span> 
     </span>
     <span class='ocr_line' id='line_1_32' title="bbox 112 2935 1135 3028; baseline 0.006 -26"><span class='ocrx_word' id='word_1_235' title='bbox 112 2935 304 3021; x_wconf 88' lang='lat' dir='ltr'><strong>trouersiae,</strong></span> <span class='ocrx_word' id='word_1_236' title='bbox 332 2958 412 3020; x_wconf 90' lang='lat' dir='ltr'><strong>quas</strong></span> <span class='ocrx_word' id='word_1_237' title='bbox 439 2956 544 3020; x_wconf 89' lang='lat' dir='ltr'><strong>neque</strong></span> <span class='ocrx_word' id='word_1_238' title='bbox 568 2939 679 3005; x_wconf 88' lang='lat' dir='ltr'><strong>sedare</strong></span> <span class='ocrx_word' id='word_1_239' title='bbox 708 2941 842 3007; x_wconf 91' lang='lat' dir='ltr'><strong>minimo</strong></span> <span class='ocrx_word' id='word_1_240' title='bbox 870 2941 1002 3028; x_wconf 82' lang='lat' dir='ltr'><strong>negotio</strong></span> <span class='ocrx_word' id='word_1_241' title='bbox 1026 2964 1135 3028; x_wconf 87' lang='lat' dir='ltr'><strong>neque</strong></span> 
     </span>
     <span class='ocr_line' id='line_1_33' title="bbox 111 3025 1133 3112; baseline 0.01 -24"><span class='ocrx_word' id='word_1_242' title='bbox 111 3026 279 3112; x_wconf 82' lang='lat' dir='ltr'><strong>negligere</strong></span> <span class='ocrx_word' id='word_1_243' title='bbox 301 3025 369 3090; x_wconf 88' lang='lat' dir='ltr'><strong>sine</strong></span> <span class='ocrx_word' id='word_1_244' title='bbox 387 3025 480 3111; x_wconf 86' lang='lat' dir='ltr'><strong>graui</strong></span> <span class='ocrx_word' id='word_1_245' title='bbox 499 3049 644 3094; x_wconf 85' lang='lat' dir='ltr'><strong>mearum</strong></span> <span class='ocrx_word' id='word_1_246' title='bbox 661 3031 864 3096; x_wconf 86' lang='lat' dir='ltr'><strong>fortunarum</strong></span> <span class='ocrx_word' id='word_1_247' title='bbox 883 3030 983 3094; x_wconf 86' lang='lat' dir='ltr'><strong>exitio</strong></span> <span class='ocrx_word' id='word_1_248' title='bbox 1002 3029 1133 3097; x_wconf 88' lang='lat' dir='ltr'><strong>licebat.</strong></span> 
     </span>
     <span class='ocr_line' id='line_1_34' title="bbox 111 3112 1135 3202; baseline 0.011 -27"><span class='ocrx_word' id='word_1_249' title='bbox 111 3112 164 3176; x_wconf 88' lang='lat' dir='ltr'><strong>his</strong></span> <span class='ocrx_word' id='word_1_250' title='bbox 188 3135 317 3197; x_wconf 89' lang='lat' dir='ltr'><strong>quoque</strong></span> <span class='ocrx_word' id='word_1_251' title='bbox 339 3134 390 3178; x_wconf 93' lang='lat' dir='ltr'><strong>me</strong></span> <span class='ocrx_word' id='word_1_252' title='bbox 420 3114 669 3184; x_wconf 85' lang='lat' dir='ltr'><strong>difficultatibus</strong></span> <span class='ocrx_word' id='word_1_253' title='bbox 691 3117 863 3202; x_wconf 86' lang='lat' dir='ltr'><strong>aliquando</strong></span> <span class='ocrx_word' id='word_1_254' title='bbox 886 3116 923 3200; x_wconf 91' lang='lat' dir='ltr'><strong>is,</strong></span> <span class='ocrx_word' id='word_1_255' title='bbox 946 3118 999 3182; x_wconf 90' lang='lat' dir='ltr'><strong>eui</strong></span> <span class='ocrx_word' id='word_1_256' title='bbox 1022 3121 1135 3185; x_wconf 86' lang='lat' dir='ltr'><strong>omnia</strong></span> 
     </span>
     <span class='ocr_line' id='line_1_35' title="bbox 113 3200 1133 3290; baseline 0.012 -27"><span class='ocrx_word' id='word_1_257' title='bbox 113 3200 226 3283; x_wconf 91' lang='lat' dir='ltr'><strong>debeo,</strong></span> <span class='ocrx_word' id='word_1_258' title='bbox 249 3201 371 3285; x_wconf 91' lang='lat' dir='ltr'><strong>eripuit</strong></span> <span class='ocrx_word' id='word_1_259' title='bbox 393 3203 490 3268; x_wconf 89' lang='lat' dir='ltr'><strong>Deus.</strong></span> <span class='ocrx_word' id='word_1_260' title='bbox 526 3205 647 3271; x_wconf 88' lang='lat' dir='ltr'><strong>Lucem</strong></span> <span class='ocrx_word' id='word_1_261' title='bbox 670 3206 743 3289; x_wconf 91' lang='lat' dir='ltr'><strong>iam,</strong></span> <span class='ocrx_word' id='word_1_262' title='bbox 767 3204 858 3287; x_wconf 90' lang='lat' dir='ltr'><strong>quasi</strong></span> <span class='ocrx_word' id='word_1_263' title='bbox 882 3205 937 3268; x_wconf 91' lang='lat' dir='ltr'><strong>diu</strong></span> <span class='ocrx_word' id='word_1_264' title='bbox 960 3229 1021 3290; x_wconf 90' lang='lat' dir='ltr'><strong>per</strong></span> <span class='ocrx_word' id='word_1_265' title='bbox 1043 3212 1133 3274; x_wconf 85' lang='lat' dir='ltr'><strong>tene·</strong></span> 
     </span>
     <span class='ocr_line' id='line_1_36' title="bbox 70 3288 1133 3377; baseline 0.012 -28"><span class='ocrx_word' id='word_1_266' title='bbox 70 3306 98 3348; x_wconf 76' lang='grc'><strong>15</strong></span> <span class='ocrx_word' id='word_1_267' title='bbox 112 3288 189 3353; x_wconf 88' lang='lat' dir='ltr'><strong>bras</strong></span> <span class='ocrx_word' id='word_1_268' title='bbox 212 3311 380 3375; x_wconf 85' lang='lat' dir='ltr'><strong>errassem,</strong></span> <span class='ocrx_word' id='word_1_269' title='bbox 408 3292 542 3357; x_wconf 89' lang='lat' dir='ltr'><strong>uidebar</strong></span> <span class='ocrx_word' id='word_1_270' title='bbox 570 3294 721 3375; x_wconf 89' lang='lat' dir='ltr'><strong>aspicere.</strong></span> <span class='ocrx_word' id='word_1_271' title='bbox 768 3296 800 3355; x_wconf 92' lang='lat' dir='ltr'><strong>et</strong></span> <span class='ocrx_word' id='word_1_272' title='bbox 828 3313 1024 3377; x_wconf 87' lang='lat' dir='ltr'><strong>quamquam</strong></span> <span class='ocrx_word' id='word_1_273' title='bbox 1050 3299 1133 3362; x_wconf 92' lang='lat' dir='ltr'><strong>mul·</strong></span> 
     </span>
     <span class='ocr_line' id='line_1_37' title="bbox 112 3381 1132 3472; baseline 0.009 -31"><span class='ocrx_word' id='word_1_274' title='bbox 112 3381 220 3442; x_wconf 82' lang='lat' dir='ltr'><strong>torum</strong></span> <span class='ocrx_word' id='word_1_275' title='bbox 253 3399 409 3442; x_wconf 90' lang='lat' dir='ltr'><strong>annorum</strong></span> <span class='ocrx_word' id='word_1_276' title='bbox 441 3381 559 3444; x_wconf 89' lang='lat' dir='ltr'><strong>amisso</strong></span> <span class='ocrx_word' id='word_1_277' title='bbox 592 3381 701 3444; x_wconf 84' lang='lat' dir='ltr'><strong>fructu</strong></span> <span class='ocrx_word' id='word_1_278' title='bbox 734 3384 803 3444; x_wconf 88' lang='lat' dir='ltr'><strong>erat</strong></span> <span class='ocrx_word' id='word_1_279' title='bbox 835 3402 924 3464; x_wconf 88' lang='lat' dir='ltr'><strong>sane,</strong></span> <span class='ocrx_word' id='word_1_280' title='bbox 956 3405 1014 3447; x_wconf 95' lang='lat' dir='ltr'><strong>cur</strong></span> <span class='ocrx_word' id='word_1_281' title='bbox 1041 3385 1132 3472; x_wconf 82' lang='lat' dir='ltr'><strong>inge·</strong></span> 
     </span>
     <span class='ocr_line' id='line_1_38' title="bbox 112 3466 1132 3559; baseline 0.007 -29"><span class='ocrx_word' id='word_1_282' title='bbox 112 3466 280 3532; x_wconf 89' lang='lat' dir='ltr'><strong>miscerem</strong></span> <span class='ocrx_word' id='word_1_283' title='bbox 299 3466 464 3550; x_wconf 87' lang='lat' dir='ltr'><strong>uitamque</strong></span> <span class='ocrx_word' id='word_1_284' title='bbox 483 3468 563 3530; x_wconf 92' lang='lat' dir='ltr'><strong>mihi</strong></span> <span class='ocrx_word' id='word_1_285' title='bbox 582 3468 668 3530; x_wconf 87' lang='lat' dir='ltr'><strong>haud</strong></span> <span class='ocrx_word' id='word_1_286' title='bbox 686 3468 765 3532; x_wconf 88' lang='lat' dir='ltr'><strong>satis</strong></span> <span class='ocrx_word' id='word_1_287' title='bbox 784 3468 955 3533; x_wconf 86' lang='lat' dir='ltr'><strong>iucundam</strong></span> <span class='ocrx_word' id='word_1_288' title='bbox 969 3476 1132 3559; x_wconf 88' lang='lat' dir='ltr'><strong>putarem,</strong></span> 
     </span>
    </p>
   </div>
   <div class='ocr_carea' id='block_1_3' title="bbox 0 0 1204 3922">
    <p class='ocr_par' dir='ltr' id='par_1_3' title="bbox 0 0 1204 3922">
     <span class='ocr_line' id='line_1_39' title="bbox 0 0 1204 3922; baseline 0 1"><span class='ocrx_word' id='word_1_289' title='bbox 0 0 1204 3922; x_wconf 95' lang='lat' dir='ltr'><strong> </strong></span> 
     </span>
    </p>
   </div>
  </div>
 </body>
</html>
