2400 3922
453 187 676 252 ..73-

54 368 149 430 grana
169 348 234 429 XX,
253 347 428 429 petroselini
445 367 474 427 p.
489 348 515 409 tt
534 347 571 409 VI
590 357 621 409 et
639 350 801 429 victoriati,
819 356 904 409 rutae
923 348 1072 411 silvaticae

53 459 83 520 p.
99 437 126 498 X
146 439 238 499 trium
256 439 356 513 semia,
379 436 503 498 feniculi
521 439 644 498 seminis
664 437 733 516 pX
752 439 844 498 trium
863 439 963 517 semis,
986 437 1074 500 dauci

55 527 167 590 Cretici
190 545 218 606 p.
238 525 264 585 X
285 525 350 606 ΙΙΙΙ,
373 528 455 587 anesi
478 524 546 606 pX
565 525 604 605 Π,
628 527 741 587 cumini
759 525 928 605 Aethiopici
949 526 1018 606 pX
1037 526 1072 607 ΙΙ,

53 633 147 696 rapae
171 616 294 676 seminis
316 634 344 693 p.
364 613 390 675 li
412 614 437 673 V
460 621 490 675 et
512 616 674 694 victoriati,
700 616 770 695 napi
798 613 923 676 silvatici
951 617 1073 676 seminis

54 724 85 785 p.
109 702 136 764 X
164 702 218 785 ΙΙΙ,
251 705 346 765 anatis
378 703 505 764 feminae
537 700 735 784 <sanguinis>
768 704 899 764 recentis
931 723 959 783 p.
983 703 1009 764 X
1037 702 1108 783 ll,5

55 794 154 855 anatis
186 791 311 853 masculi
344 794 496 871 sanguinis
529 792 605 853 aridi
635 790 713 870 pli
742 791 796 873 ΙΙΙ,
829 792 917 853 haedi
949 791 1074 853 masculi

56 883 213 959 sanguinis
232 880 308 942 aridi
330 880 399 960 pX
418 879 471 961 ΙΙΙ,
495 881 656 941 testudinis
674 883 806 943 marinae
827 883 980 960 sanguinis
998 881 1074 942 aridi

55 969 127 1050 pil
147 968 184 1028 Vl
199 969 229 1049 S,
252 970 367 1030 anseris
388 969 513 1030 masculi
536 971 689 1048 sanguinis
713 971 789 1032 aridi
811 969 880 1050 pX
899 970 954 1052 111,
977 969 1074 1031 mellis

56 1059 151 1120 Attici
179 1058 258 1137 quod
286 1060 358 1118 satis
386 1060 452 1119 erit.
497 1057 581 1119 Facit
609 1058 645 1119 ad
669 1061 776 1123 omnia.
822 1059 901 1121 llaec
925 1077 980 1139 ego
1004 1078 1073 1120 con·

55 1149 156 1227 posita
179 1146 281 1207 habeo.
1094 1164 1128 1214 10

149 1233 324 1296 CLXXVIII.
367 1234 512 1306 Quoniam
539 1235 702 1316 antidotus,
731 1253 804 1315 quas
833 1238 959 1314 optimas
987 1238 1073 1298 scivi·

58 1341 137 1405 mus,
165 1326 253 1402 posui
275 1326 307 1385 in
330 1323 509 1385 facientibus
532 1323 569 1384 ad
592 1342 680 1385 omne
703 1322 812 1384 malum
837 1322 956 1400 [vitium
979 1322 1073 1401 aliud]

57 1413 310 1474 medicamentum
337 1415 426 1474 etiam
454 1431 489 1473 ex
516 1411 618 1473 multis
646 1411 750 1490 rebus,
783 1411 927 1491 simphcia
955 1429 1075 1491 quoque

57 1501 275 1563 medicamenta
294 1509 324 1563 et
346 1503 468 1580 propria
488 1501 621 1563 remedia
643 1499 884 1562 monstrabimus.
921 1500 1075 1562 Interdum

57 1592 140 1651 enim
159 1590 232 1651 haee
248 1589 355 1650 melius
370 1590 512 1650 adversus
527 1591 672 1671 quaedam
685 1608 774 1668 quam
789 1590 937 1650 antidotos
952 1590 1074 1651 faciunt.
1095 1603 1128 1654 ta

58 1678 225 1740 Trademus
257 1686 356 1739 autem
389 1679 575 1756 singulorum
606 1678 752 1740 malornm
789 1679 1075 1739 medicamentorum

59 1774 219 1847 epotorum
251 1769 348 1848 signa,
381 1786 440 1846 quo
468 1767 585 1829 facilius
612 1766 815 1849 intellegatur,
847 1767 919 1847 quid
948 1768 1075 1847 quisque

59 1858 224 1934 sumpserit
247 1864 277 1917 et
301 1874 359 1934 qua
381 1858 497 1917 ratione
521 1856 654 1917 adiuvari
677 1856 790 1917 debeat.

151 1942 339 2004 chxvnn.
382 1944 516 2005 Cicutam
549 1963 620 2025 ergo
652 1953 754 2024 potam
783 1944 877 2024 caligo
906 1947 1075 2024 mentisque

60 2032 199 2094 alienatio
218 2040 248 2094 et
266 2041 385 2093 artuum
405 2032 512 2112 gelatio
531 2035 701 2113 insequitur
720 2034 885 2115 ultimoque
903 2034 1075 2112 praefocan·
1094 2048 1130 2098 20

59 2131 125 2202 tur,
158 2124 209 2200 qui
239 2140 304 2182 eam
336 2130 543 2201 sumpserunt,
575 2122 709 2202 nihilque
743 2125 884 2184 sentiunt.
935 2122 1076 2182 Adiuvari

60 2218 163 2272 numm
186 2210 296 2271 debent
319 2212 351 2271 in
373 2212 467 2271 initiis
486 2212 553 2270 vinc
577 2228 661 2271 mero
685 2210 811 2272 subinde
836 2228 923 2289 quam
947 2210 1076 2288 plurimo

60 2298 146 2361 caldo
175 2307 205 2360 et
236 2317 291 2378 per
318 2317 351 2360 se
384 2307 415 2360 et
447 2316 515 2359 cum
547 2300 651 2377 pipere
684 2307 714 2361 et
747 2317 815 2360 cum
848 2307 964 2377 styrace
996 2305 1075 2377 poto.

59 2390 153 2467 Atqui
171 2390 297 2449 maxime
311 2387 434 2467 prodest
452 2387 497 2447 lac
514 2389 662 2448 asininum
676 2388 792 2449 datum:
811 2388 837 2448 si
856 2389 963 2467 miuus,
982 2388 1075 2448 vacci-

59 2495 135 2538 num
158 2484 209 2537 aut
230 2475 392 2556 quodlibet.
428 2476 555 2555 Oportet
578 2483 677 2538 autem
696 2486 726 2538 et
748 2476 846 2537 alvum
865 2478 927 2538 acri
946 2475 1076 2538 clustere
1095 2489 1130 2541 aa

61 2564 174 2626 ducere
202 2584 305 2626 eorum
333 2574 364 2626 et
391 2573 474 2626 extra
502 2583 594 2644 super
616 2573 751 2627 ventrem
778 2568 924 2646 inponere
951 2566 1076 2627 farinam

59 2653 251 2715 hordeaciam
274 2652 321 2714 vel
344 2656 492 2715 triticeam
515 2663 629 2717 coctam
653 2674 689 2716 ex
712 2657 780 2716 vino
804 2656 925 2717 caldam.

153 2741 289 2803 CLXXX.
326 2742 435 2822 Opium
458 2751 575 2823 potum,
600 2743 818 2823 quodquidam
841 2745 1010 2805 meconium
1029 2759 1077 2801 vo·

61 2839 146 2910 cant,
170 2831 206 2891 ab
229 2831 328 2892 odoris
352 2834 494 2910 gravitate
518 2831 714 2908 intellegitur:
738 2834 892 2910 papaveris
912 2833 991 2891 enim
1010 2830 1077 2888 viri·

60 2920 119 2998 dis,
142 2922 229 2981 euius
248 2938 339 2981 sucus
358 2927 418 3001 est,
442 2917 614 2998 qualitatem
632 2926 843 2997 repraesentat.
877 2918 960 2979 facit
978 2923 1078 2977 autem
1096 2934 1132 2983 ao

62 3009 172 3086 capitis
195 3010 378 3090 gravitatem,
402 3009 579 3087 gelationem
602 3015 633 3067 et
650 3006 774 3067 livorem
798 3014 916 3067 artuum
940 3005 1077 3066 sudores·

63 3115 123 3175 que
137 3097 262 3175 frigidos
277 3115 404 3158 manare.
429 3097 586 3156 Praeterea
601 3096 794 3174 spirationem
809 3094 931 3174 inpedit,
947 3099 1078 3154 mentem

138 3273 152 3320 1
172 3283 263 3337 grane
281 3286 330 3336 ·p·
349 3266 453 3336 viginti
470 3266 511 3335 R,
529 3265 645 3333 fortasse
662 3282 690 3319 n.
709 3266 755 3334 (=
773 3266 906 3329 numero).
981 3268 997 3318 5
1016 3280 1078 3318 sen·

54 3337 159 3408 ¹guinis
183 3340 298 3394 demerui.
370 3344 405 3393 12
423 3337 524 3393 vibium
543 3337 621 3391 eliud
643 3337 752 3391 inclusi.
826 3341 859 3390 ta
879 3334 974 3405 rebus]
994 3336 1077 3389 inter·

63 3411 162 3464 ddisse
194 3411 302 3464 videtur
334 3409 520 3477 conpositum.
622 3412 656 3461 14
684 3407 891 3461 medicamenta
917 3410 1078 3473 suspectum.

64 3479 287 3534 monstrabimus
313 3481 425 3548 carpsi:
452 3477 607 3532 monstravi
624 3478 661 3533 R.
736 3483 768 3532 19
792 3476 931 3547 Cicutam]
958 3477 994 3543 cf.
1014 3473 1072 3530 Gai

62 3550 138 3618 XIV,
160 3556 211 3605 138
229 3551 267 3605 K.
340 3556 374 3605 2⁷
395 3549 553 3606 ordeaciam
572 3548 607 3604 R.
