2400 3922
517 143 739 207 ..40-

124 312 238 390 piperis
256 307 325 388 pli
344 305 384 388 ll,
408 307 470 386 opii
492 305 560 386 pli
579 303 646 386 llll,
669 305 747 366 turis
765 303 835 384 ph
854 302 907 384 lll,
930 303 1020 364 nardi
1043 307 1136 384 spicae

121 417 150 478 p.
167 397 191 458 h
210 396 247 458 ll.
278 395 354 457 Vino
373 394 499 456 Falerno
518 402 643 456 contusa
661 400 692 454 et
713 394 785 454 trita
808 400 946 474 utraque,
969 399 1005 454 ut
1023 392 1138 475 debent,

123 494 375 567 consperguntur,
402 485 478 545 liunt
504 481 615 564 pastilli
637 482 785 543 victoriati
808 480 950 563 pondere,
978 480 1029 542 alii
1056 491 1136 562 parte

124 578 214 637 tertia
232 575 374 637 detracta.
410 571 524 634 Dantur
542 573 574 632 iu
596 577 728 653 noctem,
751 578 843 650 prout
860 572 940 631 vires
965 578 1050 651 sunt,
1073 589 1137 632 cum

87 678 218 745 eaquae
242 662 353 724 calidae
376 660 490 742 cyathis
513 659 629 722 duobus
652 668 704 720 aut
725 657 833 720 tribus.

214 748 412 814 cxxxxiiii.
439 748 700 828 Medicamentum,
719 747 799 827 quod
818 764 873 826 per
892 747 1076 808 coclearium
1092 748 1137 808 de

124 849 255 920 voratur,
278 839 353 900 bene
372 838 443 899 iacit
460 837 497 898 ad
516 839 623 898 tussim
642 836 754 897 aridam
773 842 804 896 et
823 853 883 917 eos,
908 838 961 915 qni
981 835 1138 897 difficulter

124 929 273 1010 glutinosa
302 933 443 987 excreant
471 934 501 987 et
532 925 699 1004 praefocari
725 924 865 984 ridentur
893 923 1061 1006 interdum,
1088 925 1137 985 sed

123 1018 284 1097 praecipue
313 1009 480 1093 <prodest>
507 1015 559 1094 iis,
588 1015 641 1092 qui
667 1012 769 1073 lateris
797 1011 930 1073 dolorem
959 1030 1030 1074 cum
1058 1013 1137 1074 iebre

72 1119 107 1169 to
125 1106 271 1184 sentiunt,
303 1120 379 1181 quos
406 1101 513 1163 Graeci
543 1097 747 1182 πλευριτικοῦς
774 1109 894 1162 vocant:
925 1100 1036 1162 liberat
1062 1103 1137 1162 enim

124 1210 175 1253 eos
204 1191 241 1253 ab
265 1193 346 1252 omni
373 1189 517 1270 periculo.
563 1189 627 1251 lloc
654 1189 906 1250 medicamentum
932 1189 1042 1270 Apulei
1065 1189 1139 1250 Celsi

124 1281 195 1362 iuit,
222 1280 425 1360 praeceptoris
448 1277 580 1340 Valentis
603 1287 634 1340 et
656 1279 765 1358 nostri,
793 1287 824 1338 et
846 1295 1012 1357 numquam
1033 1277 1087 1340 ulii
1108 1296 1138 1338 se

124 1372 190 1430 vivo
215 1370 451 1449 conpositionem
479 1369 544 1429 eius
573 1366 668 1446 dedit,
697 1365 776 1445 quod
805 1383 941 1445 magnam
970 1368 1138 1446 opinionem

126 1476 162 1518 ex
186 1476 220 1519 ea
244 1465 383 1519 traxerat
424 1455 479 1517 Est
501 1464 600 1517 autem
623 1455 711 1536 haec,
739 1471 815 1534 quae
839 1456 1023 1535 conponitur
1044 1455 1138 1516 tribus

71 1562 105 1610 lo
125 1546 217 1609 rebus
235 1546 296 1607 his:
318 1545 435 1625 Piperis
454 1546 533 1624 nigri
551 1544 639 1605 electi
657 1550 688 1603 et
709 1543 871 1623 ponderosi
893 1545 996 1622 granis
1015 1543 1139 1624 duobus,

125 1653 246 1696 murrae
264 1632 479 1714 troglodytidos
498 1651 527 1713 p.
542 1632 567 1693 X
584 1631 625 1713 ΙΙ,
646 1631 741 1692 mellis
759 1632 852 1692 Attici
870 1630 1040 1712 despumati
1058 1631 1138 1692 libra.

124 1722 215 1802 Piper
242 1722 438 1784 contunditur
465 1721 623 1801 diligenter
648 1728 678 1781 et
705 1719 869 1799 cribratur,
901 1738 1004 1782 murra
1033 1723 1139 1782 teritur

125 1813 267 1871 mortario
295 1811 414 1871 curioso
442 1818 473 1871 et
500 1818 604 1889 postea
632 1817 758 1888 utraque
786 1810 817 1869 in
844 1826 939 1869 unum
966 1810 1140 1890 miscentur,

124 1898 232 1959 deinde
265 1896 323 1958 mel
355 1897 492 1958 adicitur.
542 1895 656 1958 Dantur
683 1896 827 1958 coclearia
862 1898 952 1976 quina
982 1897 1032 1958 vel
1062 1916 1139 1980 sena,

70 2003 106 2054 oo
125 1986 292 2068 pleuriticis
320 1988 409 2046 etiam
436 1985 523 2065 plura
551 1987 683 2066 saepius,
713 1985 766 2047 sed
794 2003 863 2046 cum
889 1985 1047 2047 intervallo
1071 1986 1139 2047 dare

124 2084 244 2155 oportet
272 2083 302 2136 et
329 2076 455 2136 maxime
479 2093 547 2136 cum
575 2076 707 2136 tussiunt
734 2083 785 2135 aut
812 2073 978 2153 praefocari
1002 2074 1140 2135 videntur

125 2173 156 2226 et
185 2164 346 2227 difficulter
374 2165 490 2245 spirant
522 2165 583 2225 sive
614 2171 705 2225 noctu
734 2164 796 2223 sive
823 2162 970 2223 interdiu:
1002 2165 1140 2244 protinus

125 2255 206 2316 enim
225 2264 367 2317 excreant
381 2273 424 2335 ea,
443 2271 519 2333 quae
533 2253 653 2315 obstant
670 2253 809 2313 transitui
828 2252 961 2331 spiritus,
980 2259 1013 2311 et
1031 2254 1140 2313 tussire

125 2342 275 2406 desinunt.

71 2449 107 2500 sa
215 2429 382 2491 LXXXXV.
413 2431 547 2491 Alterum
565 2429 814 2490 medicamentum
832 2428 869 2488 ad
887 2429 994 2488 tussim
1015 2430 1140 2490 aridam:

125 2515 266 2578 Nasturoi
297 2520 419 2577 animati
451 2519 574 2577 seminis
609 2516 708 2595 pondo
741 2518 843 2597 uncia,
880 2515 985 2577 alterci
1017 2519 1139 2578 seminis

125 2604 223 2684 pondo
243 2606 340 2685 uncia,
364 2606 425 2681 opii
447 2604 547 2681 pondo
565 2605 661 2683 uncia,
684 2621 804 2664 murrae
823 2604 923 2684 pondo
942 2606 1041 2687 uncia,
1061 2607 1140 2667 croci

124 2691 224 2772 pondo
248 2692 413 2772 semuncia,
441 2690 594 2771 sulphuris
618 2693 678 2751 viri
705 2692 804 2770 pondo
833 2695 1000 2775 semuncia,
1027 2696 1140 2774 piperis

125 2781 184 2842 albi
202 2779 302 2862 pondo
320 2779 477 2859 quadrans.
510 2778 596 2840 Mede
611 2779 761 2860 colligitur
775 2780 1033 2864 medicamentum,
1054 2783 1140 2844 datur

69 2890 106 2939 30
125 2869 209 2931 labae
237 2869 397 2949 Aegyptiae
423 2868 628 2947 magnitudine
656 2888 692 2930 ex
720 2869 834 2950 cyathis
861 2887 955 2950 aquae
982 2870 1082 2932 tribus
1109 2872 1139 2931 in

125 2968 252 3022 noctem.
297 2956 381 3018 Facit
408 2964 508 3017 autem
536 2957 593 3019 hoc
620 2958 871 3020 medicamentum
898 2959 934 3018 ad
963 2957 1067 3020 lateris
1089 2960 1139 3020 do·

125 3046 219 3108 iorem
243 3044 331 3108 etad
356 3045 501 3106 stomachi
529 3046 725 3129 inflationem,
753 3047 955 3126 gravedinem,
984 3044 1139 3128 coeliacos,

196 3220 212 3268 3
231 3213 355 3339 pondere
373 3230 433 3285 epo:
452 3220 494 3284 p0.
509 3215 547 3272 R.
603 3215 652 3270 elii
669 3217 780 3286 campsis
800 3218 830 3270 et
848 3215 911 3271 eliis
927 3216 963 3272 R.
1020 3224 1037 3273 6
1056 3217 1139 3274 oooli-

123 3285 214 3339 erium
260 3326 266 3339 .
336 3285 488 3357 eprodest
506 3303 519 3341 e
537 3286 576 3340 M
590 3288 696 3341 addidi.
766 3291 800 3340 10
817 3285 981 3355 pleuriticos
1000 3288 1036 3344 L.
1105 3292 1138 3342 1o

122 3353 320 3411 troclodibidos
338 3357 373 3412 L.
444 3362 476 3411 19
496 3355 630 3412 cocliaria
648 3357 682 3411 L.
747 3361 781 3410 20
799 3359 829 3409 et
847 3357 959 3425 saepius
980 3359 1024 3412 M.
1090 3357 1139 3414 sed

122 3425 171 3480 Me
190 3428 220 3482 et
237 3425 273 3482 R.
328 3432 363 3482 26
381 3427 506 3484 nestorci
524 3429 563 3482 L:
584 3424 719 3482 nasturcii
737 3425 773 3480 R.
829 3431 863 3480 28
882 3426 995 3483 sulfuris
1014 3430 1049 3485 L.
1105 3434 1139 3483 30

125 3510 217 3567 equae
236 3497 345 3553 calidae
363 3499 405 3554 Μ.
479 3504 512 3553 32
532 3497 761 3568 gravidinemque
780 3496 815 3549 L.
