2400 3922
522 185 738 267 554-

122 360 174 414 aut
206 351 358 412 auriculae
390 351 526 410 murinae
558 348 637 408 idem
669 355 721 408 aut
747 346 922 409 vettonicae
954 350 1141 430 tantundem3

122 459 225 502 earum
250 439 401 519 quaelibet
422 438 515 498 herba
534 456 571 498 ex
593 455 687 516 aquae
710 436 810 497 tribus
828 436 959 498 heminis
983 439 1022 499 ad
1046 441 1143 500 tertias

123 530 312 609 decoquitur,
335 529 404 588 inde
428 534 588 588 sumuntur
615 525 714 605 cyathi
741 533 804 586 tres
830 533 860 586 et
884 526 991 586 eodem
1016 527 1142 589 adiciun-

124 626 175 679 tur
197 620 260 679 vini
287 616 385 698 cyathi
413 617 472 676 duo
503 623 533 676 et
560 616 631 675 nitri
659 616 807 675 victoriati
836 615 956 692 pondus
986 623 1077 696 atque
1100 617 1143 677 his

89 706 252 768 odilutum
276 706 526 767 medicamentum
548 703 636 763 datur
660 703 792 781 pondere
816 702 880 763 111
903 722 958 782 per
987 701 1054 766 dies
1078 724 1143 784 qua-

125 796 259 875 draginta
283 797 427 875 quinque3
456 795 486 853 in
510 793 651 852 harenam
675 790 762 852 solvit
784 790 929 873 lapidem;
957 794 1012 854 sed
1040 794 1141 874 hydro·

123 886 200 963 picis
219 902 254 943 ex
279 883 368 944 mulsi
390 883 477 942 mixti
499 881 613 960 cyathis
636 880 733 941 tribus
757 879 888 942 dandum
912 889 967 942 est.

141 1029 143 1034 .
212 970 321 1031 CLllll.
363 970 407 1030 Ad
431 969 601 1030 lumborum
625 969 770 1030 dolorem:
794 968 977 1030 Cucurbitae
1002 971 1141 1032 sllvestris

122 1058 285 1120 floccorum
304 1065 355 1119 aut
373 1060 495 1119 seminis
514 1057 583 1137 pli
602 1057 641 1138 ll,
661 1057 783 1136 brathys
806 1076 834 1136 p.
850 1057 917 1138 111,
941 1059 1015 1120 salis
1033 1079 1061 1140 p.
1080 1060 1140 1120 111.

72 1159 104 1206 10
123 1147 214 1209 Fiunt
246 1148 391 1226 catapotia
425 1145 511 1207 melle
548 1147 672 1207 decocto
705 1146 829 1206 adiecto.
875 1145 1054 1209 Valentibus
1084 1157 1141 1210 tota

124 1235 212 1297 datur
231 1237 407 1317 conpositio,
426 1234 673 1297 imbecillioribus
693 1242 793 1296 antem
812 1235 943 1296 dimidia.
982 1236 1043 1299 Sed
1061 1255 1141 1299 mane

124 1343 179 1404 per
203 1324 361 1405 clysterem
385 1325 469 1387 alvus
487 1323 622 1386 ducenda
646 1342 769 1384 ovorum
792 1323 867 1384 albis
891 1331 1102 1403 temperatum.

214 1414 294 1476 CLV.
335 1415 379 1477 ld
403 1414 573 1476 lumborum
596 1413 729 1474 dolorem
757 1420 789 1473 et
811 1411 1006 1492 paralyticos:
1035 1415 1141 1477 Cucur-

124 1503 203 1564 bitae
223 1502 368 1565 silvestris
387 1503 456 1584 pli
479 1502 542 1585 1111,
560 1501 696 1582 pyrethri
713 1521 741 1580 p.
757 1501 783 1560 11
803 1500 866 1582 ΠΗ,
889 1520 1013 1564 murrae
1032 1503 1100 1584 pli
1117 1502 1141 1563 11

73 1603 105 1649 15
125 1592 172 1653 vel
194 1591 216 1654 l.
258 1593 371 1655 Dantur
399 1611 435 1654 ex
463 1594 543 1673 passi
571 1590 685 1671 cyathis
712 1589 818 1651 trihus.
865 1589 951 1652 Licet
973 1591 1047 1654 hinc
1070 1601 1141 1655 cata·

125 1684 207 1760 potia
234 1683 312 1764 lieri,
341 1683 412 1743 dum
438 1682 518 1743 idem
549 1680 691 1760 ponderis
724 1679 892 1740 devoretur.
944 1679 1003 1742 Sed
1042 1691 1073 1744 et
1098 1682 1141 1742 his

125 1770 207 1830 alvus
231 1773 294 1831 acri
317 1771 427 1849 clysma
451 1787 536 1830 mane
560 1769 707 1829 trahenda
727 1775 781 1829 est

211 1857 304 1916 CLVI.
341 1858 385 1917 Ad
408 1857 577 1917 lumborum
595 1856 729 1917 dolorem
748 1863 779 1917 at
795 1856 974 1936 paralyticos
994 1859 1141 1920 antidotus

124 1939 206 2004 hiera
229 1943 317 2004 Pacci
336 1944 473 2004 Antiochi
496 1943 602 2005 melius
626 1947 708 2005 omni
726 1945 943 2007 medicamento
968 1947 1049 2009 facit.
1087 1947 1141 2008 Sed

70 2042 104 2090 ao
124 2031 160 2091 ad
188 2033 336 2112 paralysin
363 2033 488 2093 mirifice
521 2032 577 2093 hoc
606 2051 731 2113 acopum
765 2034 849 2114 iacit,
878 2053 937 2113 quo
966 2045 1087 2115 oportet
1113 2040 1140 2097 in

123 2119 184 2179 sole
208 2121 259 2181 diu
282 2122 391 2182 fricare
415 2128 466 2182 aut
488 2121 552 2182 loco
572 2121 689 2183 flamma
712 2122 922 2202 praecalfacto:
957 2123 1023 2186 Olei
1044 2125 1141 2186 Sabini

121 2227 151 2286 p.
174 2208 200 2267 li
224 2209 311 2290 XXV,
336 2213 505 2272 cucumeris
533 2211 659 2272 silvatici
687 2214 817 2293 recentis
841 2212 951 2273 radicis
980 2232 1012 2292 p.
1035 2214 1061 2274 11
1085 2213 1140 2275 XV.

122 2296 202 2359 Haec
226 2298 310 2359 radix
333 2301 535 2380 magnitudine
554 2303 641 2361 nucis
665 2299 812 2378 iuglandis
831 2303 951 2362 concisa
970 2320 1042 2363 vaso
1062 2302 1142 2364 fictili

122 2403 199 2446 novo
223 2406 259 2448 ex
287 2389 354 2450 oleo
385 2392 538 2469 coquitur,
566 2389 661 2450 donec
685 2408 790 2450 sucum
815 2407 933 2450 omnem
956 2393 1093 2452 remittat
1114 2400 1141 2451 ct

70 2478 206 2552 aequasi
230 2478 311 2538 arida
336 2481 387 2559 sit3
411 2477 555 2556 posthoc
575 2476 711 2538 abicitur.
751 2477 809 2538 Per
828 2479 954 2539 linteum
973 2480 1020 2540 vel
1047 2480 1140 2541 colum

121 2567 298 2626 transmisso
331 2567 395 2626 oleo
428 2566 569 2645 adicitur,
602 2565 672 2625 dnm
701 2565 790 2639 calet,
824 2585 909 2627 cerae
937 2566 1081 2631 Ponticae
1113 2572 1140 2628 in

122 2652 218 2714 frusta
241 2655 379 2715 redactae
402 2653 500 2732 pondo
524 2652 612 2733 libra,
636 2652 694 2713 olei
715 2654 825 2715 laurini
848 2655 947 2734 pondo
972 2657 1063 2738 libra,
1088 2658 1140 2718 olei

123 2745 242 2821 cyprini
266 2743 365 2823 pondo
393 2741 482 2819 libra,
513 2741 570 2802 olei
597 2741 672 2803 liIIni
699 2744 798 2822 pondo
828 2744 917 2824 libra,
950 2745 1010 2806 olei
1033 2749 1140 2807 veteris

123 2832 221 2909 pondo
246 2832 317 2912 dua,
344 2833 458 2911 piperis
486 2831 544 2892 albi
568 2834 686 2893 contusi
710 2840 740 2893 et
763 2851 817 2911 per
840 2832 974 2894 cribrum
1004 2837 1139 2896 tenuissi-

70 2929 206 2981 aurnum
235 2923 403 2981 transmissi
430 2939 459 2999 p.
483 2919 508 2980 ll
532 2920 558 3002 1,
595 2921 730 3002 pyrethri
762 2924 880 2983 contusi
912 2930 943 2983 et
975 2941 1031 3001 per
1065 2925 1139 2985 idem

198 3061 211 3108 1
232 3054 357 3110 marinae
375 3055 414 3108 M
434 3058 588 3112 conchulae
611 3058 737 3112 marinae
761 3057 866 3124 Rhod„
888 3058 935 3112 secl
958 3057 1031 3126 conf.
1052 3059 1139 3114 Marc.

123 3124 254 3195 XXVIII,
277 3146 304 3196 p.
319 3132 384 3181 200:
408 3127 497 3181 herbe
516 3145 588 3196 quae
607 3128 692 3182 muris
711 3128 838 3184 auricula
856 3126 967 3182 dicitur.
1033 3129 1139 3185 betoni·

124 3212 172 3250 cae
194 3196 227 3251 R.
300 3202 318 3249 4
336 3196 444 3266 pondus
463 3201 575 3268 scalpsi:
594 3198 688 3269 pondo
702 3199 738 3253 R.
812 3204 828 3253 5
846 3200 969 3269 pondere
982 3197 1010 3252 X
1028 3203 1137 3271 acrn‘psi:

123 3267 216 3335 pondo
236 3267 272 3323 R.
352 3273 384 3321 17
404 3268 577 3323 detrahenda
597 3270 638 3325 M.
717 3274 749 3323 19
773 3269 834 3324 ecci
856 3271 883 3323 L
905 3269 1023 3324 Paoehii
1042 3270 1083 3339 R3
1107 3271 1138 3338 cf.

127 3336 188 3393 eat.
206 3339 280 3408 XIII,
299 3357 327 3409 p.
347 3344 407 3393 284.
485 3345 520 3393 20
540 3357 595 3408 quo
616 3341 664 3394 M:
683 3339 813 3407 quodid.
890 3344 925 3394 nt
949 3340 1074 3397 abicitur
1094 3343 1138 3396 M:

125 3409 245 3465 adicitur
263 3410 304 3477 R;
332 3411 577 3481 interpunctionem
595 3412 708 3465 notant.
791 3416 825 3464 26
840 3416 905 3478 post
927 3411 989 3466 oleo
1020 3414 1085 3469 add.
1112 3413 1139 3466 in

125 3497 179 3548 quo
194 3481 229 3537 R.
284 3487 320 3536 28
338 3480 412 3535 lilini
429 3481 540 3552 sorensi:
559 3480 614 3534 lilii
628 3481 656 3535 R
674 3480 739 3535 irini
752 3480 794 3534 M.
857 3485 890 3534 30
909 3499 936 3550 p.
951 3479 978 3536 X
996 3482 1010 3535 I
1027 3485 1137 3555 scripsi:

124 3551 210 3622 Xp0.
230 3569 261 3608 es
280 3552 308 3607 R
328 3571 353 3624 p.
372 3551 399 3606 i}
417 3570 450 3610 ec
469 3552 553 3610 semis
570 3552 659 3608 und.
