2400 3922
519 189 745 254 ..33-

120 373 159 414 ex
185 350 515 431 pertusuhstitermrt:
541 348 848 430 Styrarisphll,
876 368 999 411 murrae
1022 349 1141 430 phil

120 450 152 501 et
170 443 336 514 victoriati,
357 442 538 520 opopamc'm
554 439 625 519 px
642 439 685 517 ll,
705 441 762 498 iris
778 437 917 517 illyricae
933 437 1007 519 μΧ
1024 439 1065 520 11,
1088 439 1142 518 gal·

120 529 193 590 tani
212 549 243 609 p.
261 529 289 589 Χ
305 527 348 608 11,
369 527 726 589 marabuttin
743 546 775 607 p
792 526 820 586 Χ
837 525 873 607 V,
894 526 1000 588 alterci
1023 530 1142 589 seminis

122 617 257 697 pil,
286 614 1141 696 nitrip.hl,piperisalbip.§l,opip.※l

86 719 104 766 5
123 707 209 785 lrim,
222 706 382 784 altercnm,
394 709 483 784 piper
493 705 680 766 contundere
692 712 815 783 oportet
827 712 860 764 et
871 703 1020 785 cribrare,
1034 707 1142 766 nitrum

123 798 267 855 mecurio
290 806 390 854 terere
411 803 442 853 et
465 804 567 854 cetera
588 793 650 873 pilo
669 794 867 853 commiscere
890 801 923 853 et
943 801 1052 873 postea
1074 794 1142 855 haec

123 887 168 944 eis
185 883 305 943 adicere
322 892 412 959 atque
431 882 531 942 latere
548 884 697 962 catapot'n
718 880 937 960 magnitudinis
960 881 1058 960 fabae,
1078 882 1142 943 inde

122 981 209 1031 terna
232 970 278 1029 rel
301 980 446 1048 quaterna
473 973 506 1029 in
532 980 653 1030 noctem
675 970 749 1030 dare
770 969 809 1029 ad
832 969 1006 1031 inflationes
1028 973 1061 1031 in
1083 973 1142 1050 ipsa

122 1059 303 1118 distentione
326 1076 396 1117 cnm
418 1076 514 1136 aquae
536 1058 651 1118 calidae
673 1058 791 1137 cyathis
811 1057 921 1118 tribus.

70 1159 104 1206 10
210 1143 357 1205 nim
392 1145 534 1206 Pastillus
555 1146 594 1206 ad
616 1150 735 1226 tussim,
756 1146 992 1207 destillationem
1015 1149 1141 1226 pectoris

122 1231 198 1314 (et)
220 1233 386 1315 pulmonis,
412 1233 451 1294 ad
477 1234 639 1314 epiphoras
661 1234 833 1316 oculorum,
860 1237 980 1296 vesicae
1004 1235 1142 1316 dolorem,

123 1326 177 1402 qni
194 1342 264 1384 cum
281 1322 378 1383 fluore
396 1326 548 1403 consistit,
570 1323 624 1384 nbi
646 1326 766 1402 saepius
784 1332 815 1383 et
839 1342 901 1384 non
924 1327 991 1384 sine
1010 1326 1143 1387 cruciatu

122 1415 241 1472 urinam
264 1411 393 1493 iaciunt,
418 1414 494 1473 item
515 1412 553 1472 ad
575 1431 638 1493 eos,
661 1415 714 1491 qui
736 1413 914 1490 sangninem
937 1414 1072 1474 reiciunt
1094 1420 1141 1473 aut

122 1519 179 1578 per
196 1503 316 1561 urinam
335 1501 475 1581 reddunt,
497 1501 535 1560 ad
552 1501 760 1578 deiectionem,
782 1503 922 1581 tormina,
944 1501 1143 1582 gravedinem,

70 1600 105 1648 15
124 1588 290 1670 choleram,
321 1590 468 1650 stomachi
499 1587 637 1650 crebram
668 1607 811 1649 nauseam
838 1607 910 1649 cum
937 1593 1054 1651 vomitu
1083 1593 1142 1650 sine

123 1677 222 1758 febre,
249 1686 280 1737 et
308 1678 454 1757 quidquid
480 1680 646 1757 reprimere
675 1686 706 1737 et
734 1678 849 1737 siccare
871 1686 1006 1758 oportet,
1034 1680 1142 1757 optime

123 1768 292 1845 conpescit3
320 1774 476 1844 praeterea
503 1767 574 1826 iacit
601 1766 639 1826 ad
661 1768 760 1826 omnis
786 1767 882 1845 partis
904 1769 1043 1844 corporis
1066 1766 1143 1828 dolo·

123 1871 188 1912 rem
220 1862 342 1932 praeter
372 1856 493 1933 capitis;
525 1856 600 1932 quin
630 1857 720 1915 etiam
748 1856 776 1914 si
802 1853 923 1932 quando
950 1853 1062 1934 aliquis
1089 1856 1142 1916 hoc

123 1941 215 2000 inerit
241 1942 398 2022 inunctus,
424 1938 449 2021 †
471 1941 522 2001 alii
544 1943 616 2002 vitto
638 1960 700 2002 non
723 1945 782 2002 erit
805 1942 937 2003 dandum
964 1942 1025 2005 hoc
1051 1944 1141 2005 medi·

70 2041 105 2090 10
124 2037 302 2091 cementum.
334 2028 409 2090 Cum
432 2038 532 2091 autem
555 2030 724 2111 adomnia,
747 2048 824 2110 qnae
843 2030 1031 2112 supradixi,
1054 2034 1144 2093 mani·

124 2119 200 2180 teste
227 2121 338 2201 prosit,
364 2126 429 2180 tum
455 2121 617 2200 praecipue
640 2120 678 2179 ad
704 2119 850 2199 phthisim
872 2122 959 2180 initia
982 2120 1143 2183 habentem

124 2207 202 2271 hene
225 2210 308 2271 facit:
331 2209 441 2271 multos
465 2212 545 2270 enim
568 2211 680 2288 eripuit
702 2227 739 2269 ex
762 2226 869 2287 magno
892 2209 1030 2288 periculo
1053 2212 1144 2270 inter·

125 2298 197 2359 dum
221 2298 268 2360 bis
296 2307 378 2360 terve
401 2298 489 2360 datus
516 2297 566 2359 hie
592 2297 742 2378 pastillns3
770 2299 879 2375 recipit
905 2296 995 2358 haec:
1026 2297 1143 2360 Murrae

125 2387 303 2466 troglodytis
329 2405 357 2466 p.
381 2387 407 2447 Χ
429 2386 480 2467 Vl,
508 2389 591 2447 croci
617 2406 646 2466 p.
670 2386 696 2446 Χ
718 2385 752 2465 V,
779 2388 841 2465 opii
867 2403 897 2464 p.
920 2384 947 2445 Χ
970 2385 1040 2468 1111,
1068 2388 1143 2448 turis

72 2484 106 2532 25
124 2490 153 2550 p.
173 2473 199 2532 Χ
223 2474 254 2554 V,
282 2475 386 2535 alterci
409 2474 468 2534 albi
491 2476 614 2534 seminis
637 2492 665 2553 p.
686 2474 712 2533 Χ
735 2475 803 2556 IIII,
830 2473 1011 2554 Apollinaris
1034 2475 1143 2537 herbae

125 2558 234 2620 radicis
258 2564 379 2622 corticis
407 2580 435 2639 p.
455 2560 481 2620 Χ
505 2560 566 2620 llll.
607 2561 810 2623 Contunditur
832 2563 881 2624 hic
905 2571 1008 2623 cortex
1033 2582 1142 2644 perse

125 2654 156 2707 et
173 2646 324 2708 cribratur
343 2651 427 2709 tenui
445 2647 554 2728 cribro,
577 2647 684 2709 deinde
704 2667 841 2731 crocum,
865 2659 968 2731 postea
988 2652 1142 2732 altercnm,

197 2837 277 2906 topi
290 2836 331 2891 L:
351 2835 410 2906 opii
423 2835 458 2890 R.
514 2842 530 2892 6
546 2835 735 2893 comminuere
750 2839 791 2893 M.
844 2844 877 2893 11
892 2842 922 2893 et
935 2839 1079 2910 pulmonis
1096 2843 1131 2898 M
1135 2863 1142 2895 z

126 2907 273 2977 pulmones
287 2907 322 2962 R.
379 2913 414 2962 14
432 2907 608 2972 mutinen
623 2909 730 2963 ventris
744 2909 780 2964 L.
837 2916 870 2964 to
884 2909 957 2965 febri
972 2912 1006 2966 L.
1063 2913 1142 2983 quid·

127 2978 195 3045 quid
213 2978 254 3033 L:
273 2979 407 3048 quicquid
424 2979 461 3034 1t.
517 2986 550 3036 18
568 2985 683 3049 praeter
698 2982 736 3035 M
739 3003 746 3035 ι
765 2983 912 3050 praeterea
927 2982 956 3036 R
974 2983 1143 3052 praesertim

127 3048 216 3104 Rtod.
281 3055 314 3103 19
334 3049 385 3104 olii
402 3050 485 3121 vitio]
505 3052 580 3106 locos
597 3053 718 3123 praviter
736 3058 892 3122 corruptus,
911 3054 949 3106 od
962 3062 1042 3122 qoem
1058 3071 1141 3110 enen·

126 3121 251 3175 dandum
265 3121 417 3177 Marcellus
435 3123 507 3177 nehel
521 3129 648 3192 praedat
664 3125 796 3189 subsitum
815 3139 884 3193 quae
902 3124 974 3177 enim
990 3126 1037 3179 tic
1049 3127 1140 3181 babet:

126 3190 194 3270 quin
217 3189 306 3244 etiam
329 3189 354 3246 si
376 3194 489 3273 qnando
509 3193 627 3248 alieuius
650 3196 693 3249 rei
716 3211 801 3250 cause
823 3196 921 3248 datum
945 3193 1045 3262 inerit,
1070 3197 1142 3251 oliae

126 3276 168 3314 rer
184 3260 256 3315 vitio
274 3278 332 3316 non
350 3267 405 3319 ent
422 3264 477 3320 hoc
495 3263 735 3321 medicamentum
752 3282 809 3320 ooo
826 3267 918 3319 minus
936 3273 1070 3335 correpto
1088 3283 1141 3323 ecee

126 3331 262 3387 videntur.
336 3339 369 3388 21
389 3334 427 3389 ad
445 3336 582 3404 phthisim
600 3335 683 3391 initia
701 3337 852 3390 habentem
870 3337 982 3403 scripsi:
1002 3337 1040 3391 ed
1059 3338 1140 3393 initis

126 3400 265 3469 phthisim
282 3403 420 3461 hebentes
439 3408 468 3463 R
486 3408 522 3462 ed
540 3407 624 3462 initia
640 3405 787 3477 phthiseos
806 3404 970 3471 Gomoarium
990 3408 1026 3474 cf.
1046 3424 1068 3463 c.
1088 3413 1139 3462 206

125 3473 269 3598 pprpltides
283 3474 366 3530 initia
378 3477 523 3534 habentes.
574 3484 609 3533 23
623 3491 734 3546 myrrae
747 3474 952 3544 trocloditydos
963 3477 1002 3544 L;
1018 3479 1053 3545 cf.
1064 3495 1086 3536 c.
1098 3484 1140 3533 94.

201 3561 251 3601 aec
269 3547 358 3602 cortis
376 3549 410 3602 L.
