2400 3922
519 186 741 251 ‚20-

212 347 383 409 XXXVllll.
426 349 467 409 dd
498 348 648 410 auriculae
676 359 827 410 tumorem
855 358 887 410 et
914 351 1049 413 dolorem
1077 355 1135 413 sine

122 437 225 500 ulcere
248 438 373 517 prodest
395 437 506 498 herbae
530 437 693 498 urceolaris
717 447 770 499 aut
792 437 970 500 cucurbitae
994 450 1135 502 ramento

124 546 193 589 rum
216 545 308 588 sucus
331 536 436 606 tepens
455 543 510 606 per
528 525 672 604 strigilem
694 527 726 586 in
749 526 886 588 foramen
908 530 991 589 auris
1015 528 1136 590 dolentis

124 617 252 677 inlusus
302 615 376 676 ltem
407 613 549 675 bestiolae
582 613 746 675 multorum
776 615 903 697 pedum,
936 635 1014 696 quae
1048 626 1136 679 tactae

88 705 295 783 oconplicant
317 722 350 764 se
373 705 404 763 in
427 702 531 764 orbem
558 701 667 782 pilulae
690 703 924 765 rotundissimae
948 706 1077 767 similem
1101 739 1134 749 -

125 793 324 865 κατοικιδίους
347 783 439 864 ’ὄνους
461 800 513 852 aut
539 786 714 864 πολύποδας
737 792 844 852 Graeci
871 793 929 853 boc
958 812 1055 872 genus
1082 798 1136 855 ani·

125 881 246 942 malium
269 888 374 940 vocant
398 912 440 923 -
464 879 529 940 oleo
553 879 717 941 domestico
741 880 903 959 conplures
930 883 1136 945 infervefactae

125 987 193 1028 vase
216 969 316 1029 ferreo
335 967 412 1027 bene
436 969 557 1028 faciunt.
595 966 722 1029 Prodest
740 978 771 1029 et
794 968 879 1048 gliris
901 972 1015 1050 pingue
1035 980 1066 1032 et
1083 971 1136 1052 gal·

123 1056 201 1116 linae
224 1056 315 1136 adeps
334 1064 364 1116 et
387 1055 515 1116 medulla
534 1055 645 1118 bubula
668 1056 828 1136 liquefacta
849 1067 1018 1138 tepensque
1037 1060 1137 1122 infusa.

71 1157 105 1206 ιο
124 1143 184 1204 XL.
220 1143 279 1204 Sed
306 1146 468 1224 praecipue
491 1146 567 1224 picis
594 1145 659 1227 llos,
688 1145 767 1224 quod
789 1143 962 1209 πισσέλαιον
985 1148 1137 1230 appellant,

123 1251 193 1294 cum
221 1233 285 1293 oleo
314 1235 465 1294 communi
497 1235 621 1314 mixtus,
653 1235 694 1295 ita
722 1242 755 1294 ut
784 1237 873 1295 tertia
904 1254 976 1314 pars
1010 1238 1050 1297 sit
1078 1237 1136 1298 olei

123 1321 197 1382 Nam
221 1330 251 1383 et
272 1321 392 1383 dolores
417 1323 501 1383 sedat
528 1330 559 1382 ct
586 1322 650 1382 lere
673 1340 733 1382 non
757 1325 871 1401 patitur
894 1327 1138 1404 suppurationem

124 1411 191 1470 lieri
209 1419 239 1471 ct
262 1412 288 1471 si
311 1411 389 1472 iacta
411 1411 516 1492 luerit,
540 1409 643 1470 eadem
666 1428 716 1471 res
739 1420 889 1491 persanat
926 1413 972 1473 dd
996 1432 1137 1476 summam

124 1518 179 1578 ego
202 1501 267 1579 ipse
295 1499 346 1561 diu
370 1508 492 1561 vexatus
520 1498 556 1559 ab
584 1498 671 1579 aure,
700 1518 768 1561 cum
796 1501 899 1561 multis
927 1501 1042 1563 frustra
1071 1520 1137 1564 usus

72 1601 105 1651 to
125 1606 223 1648 essem
246 1589 479 1669 medicamentis,
503 1586 538 1648 ab
563 1586 621 1648 hoc
643 1605 712 1648 sum
734 1596 911 1666 personatus
929 1598 961 1650 et
980 1590 1056 1652 alios
1074 1609 1137 1653 con·

123 1676 226 1756 plures
247 1680 355 1738 sanari.
388 1676 506 1738 Florem
524 1677 599 1755 picis
619 1686 719 1737 autem
737 1676 863 1758 appello,
882 1677 963 1757 quod
984 1681 1137 1761 excipitur,

124 1765 196 1825 dum
219 1784 253 1825 ea
277 1768 425 1845 coquitur,
448 1765 513 1825 lana
538 1767 726 1845 superposita
749 1767 814 1826 eius
833 1768 949 1847 vapori3
973 1766 1032 1828 hoc
1054 1771 1136 1830 etiam

123 1855 299 1930 gravitatem
322 1853 423 1913 odoris
447 1855 584 1932 protinus
608 1852 693 1914 tollit.

212 1939 286 2000 XLl.
328 1939 404 2000 Item
427 1939 503 2001 bene
527 1942 598 2002 lacit
624 1941 682 2002 boc
707 1941 955 2004 medicamentum
981 1944 1018 2004 ad
1047 1954 1137 2006 tumo-

71 2044 105 2093 20
123 2047 188 2088 rem
212 2038 245 2090 et
267 2028 517 2090 exulcerationem
542 2031 673 2091 aurium:
696 2031 780 2091 dceti
804 2032 883 2091 acris
908 2035 1048 2094 sextariis
1072 2034 1138 2095 duo-

124 2116 181 2178 bus
209 2120 414 2197 incoquuntur
441 2118 516 2179 mala
549 2127 684 2200 grauata,
718 2117 827 2198 quibus
856 2122 978 2181 coriarii
1006 2130 1137 2204 utuntur,

125 2202 246 2288 (quae)
266 2209 335 2287 quia
355 2226 473 2288 semper
492 2207 575 2268 acida
594 2216 665 2269 sunt
683 2226 739 2269 nec
759 2226 900 2287 umquam
924 2218 1138 2292 maturescunt,

124 2292 197 2377 ῥοάς
215 2292 310 2370 ὀξείας
329 2297 435 2359 Graeci
454 2297 566 2378 dicunt,
589 2297 684 2357 donec
708 2296 823 2357 madida
846 2298 926 2358 fiant.
959 2298 1047 2360 Tunc
1070 2301 1138 2361 haec

124 2386 296 2446 adiciuntur
323 2394 353 2445 et
383 2386 598 2446 admiscentur:
631 2385 775 2446 dluminis
802 2385 866 2445 fissi
893 2388 997 2469 uncia,
1026 2391 1137 2450 acaciae

70 2485 104 2534 25
124 2475 190 2531 suci
216 2473 315 2550 pondo
345 2472 502 2551 quadrans.
542 2472 707 2552 Reponitur
734 2474 986 2536 medicamentum
1015 2477 1139 2557 ampulla

123 2559 225 2617 vitrea.
268 2559 342 2620 Cum
366 2578 442 2638 opus
466 2568 524 2641 est,
553 2560 589 2620 ad
617 2568 764 2620 tumorem
790 2563 909 2639 quidem
933 2563 1065 2626 calidum
1087 2585 1139 2646 per

123 2645 268 2724 strigilem
292 2647 469 2726 infunditur,
493 2646 600 2707 deinde
620 2648 753 2708 foramen
775 2667 924 2711 summum
949 2651 1017 2713 lana
1039 2655 1138 2715 sucida

124 2737 248 2817 tegitur,
281 2734 317 2794 ad
345 2733 431 2795 ulcus
464 2743 564 2795 autem
597 2736 738 2814 frigidum
770 2757 825 2817 per
853 2740 988 2800 eiusdem
1022 2744 1138 2822 generis

123 2823 219 2884 lanam
242 2832 272 2884 et
294 2823 504 2903 auriscalpium
526 2826 656 2885 inicitur.

71 2934 106 2993 30
213 2911 299 2974 XLll.
342 2912 374 2972 Si
404 2931 472 2972 caro
502 2916 668 2975 excreverit
699 2917 731 2975 in
763 2915 907 2976 foramine
940 2919 1038 3001 aruis,
1070 2938 1136 2980 con·

158 3187 164 3199 ·
196 3125 210 3171 1
230 3120 369 3174 tumorem
387 3118 441 3201 Me·
458 3122 487 3174 eb
504 3124 644 3176 tumorem
662 3123 691 3177 R
714 3138 748 3177 ese
770 3123 839 3178 delto
858 3123 967 3191 rophia.
1041 3130 1058 3179 5
1077 3141 1138 3181 oon·

115 3188 510 3316 ‘llicit-‘’iltllti
528 3191 587 3318 n,
606 3189 762 3317 stitit
775 3193 810 3259 ⁰f'
854 3192 1138 3321 ar.p,11„qsa,np

124 3275 196 3411 ἕῳ
235 3335 269 3383 10
293 3302 382 3402 quod]
408 3279 502 3400 duem·
515 3333 556 3388 M.
633 3304 773 3403 pissoleon
796 3281 938 3415 LQss
961 3284 1137 3392 mixtbsgdt:

125 3401 244 3482 mmbum
261 3400 298 3457 R.
368 3408 401 3456 12
421 3402 547 3458 dolorem
567 3404 611 3458 M.
683 3409 718 3458 20
737 3403 864 3458 sextarirs
884 3405 994 3488 duobus
1012 3407 1060 3462 M:
1076 3424 1137 3492 ¹sex·

124 3472 191 3610 tqauriltla
204 3471 361 3612 diluztlduie
376 3479 420 3599 dd
441 3479 564 3600 ωαῃοῗὲἶ
579 3476 634 3599 did?
646 3473 792 3602 uleflidess.
811 3491 890 3600 quatess
901 3476 1136 3604 (ἒῒέαεΒὲξτὶᾜῖ
