2400 3922
488 156 683 221 -3..

72 317 156 379 nefas
179 319 396 378 existimaverit
418 335 501 397 spem
525 317 645 379 dubiam
668 319 798 380 hominis
821 319 951 399 laedere,
978 329 1089 399 quanto

72 405 230 467 scelestius
248 406 383 486 perlecto
402 408 461 466 iam
478 424 588 467 nocere
607 405 772 469 iudicabit?
803 408 901 487 Magni
916 427 987 488 ergo
1002 413 1089 471 aesti-

71 496 162 556 marit
188 512 300 554 nomen
323 493 474 573 decusque
502 495 667 557 medicinae
691 514 867 557 conservare
895 499 945 575 pio
974 507 1089 559 sancto-

73 601 129 663 que
154 585 254 644 animo
277 601 427 662 quemque
455 583 620 645 secundum
648 586 743 663 ipsius
771 587 956 665 propositum
984 605 1016 646 se
1040 605 1088 665 ge-

72 680 202 734 rentem:
225 673 351 734 scientia
371 675 449 733 enim
473 673 609 754 sanandi,
633 692 692 733 non
716 675 844 734 nocendi
863 682 909 734 est
931 674 1087 735 medicina.
1107 685 1123 736 5

73 760 154 832 Quae
176 762 238 822 nisi
261 763 343 821 omni
365 769 450 840 parte
473 780 526 822 sua
549 761 636 840 plene
660 762 814 823 incumbat
832 765 863 823 in
882 761 989 824 auxilia
1009 762 1087 823 labo·

72 851 216 930 cautium,
245 867 306 910 uon
333 858 465 929 praestat
487 868 576 928 quam
598 849 757 928 pollicetur
779 851 951 912 hominibus
973 853 1087 912 miseri·

72 937 214 1000 cordiam.
254 937 396 999 Desinant
415 957 495 1018 ergo,
519 940 570 1017 qui
593 938 736 1018 prodesse
760 939 887 1001 adflictis
910 949 961 1001 aut
983 940 1089 1000 nolunt

73 1035 122 1089 aut
150 1044 213 1086 non
239 1034 380 1108 possunt,
408 1025 479 1086 alios
504 1044 623 1105 quoque
647 1028 799 1089 deterrere
829 1030 963 1108 negando
992 1031 1087 1107 aegris

72 1115 192 1196 auxilia,
222 1133 298 1194 quae
325 1133 380 1194 per
409 1117 466 1175 vim
495 1115 778 1177 medicamentorum
806 1117 979 1196 frequenter
1007 1118 1141 1179 exhi-10

71 1203 190 1266 beutur.
228 1203 347 1264 Etenim
367 1205 453 1283 quasi
473 1221 528 1282 per
547 1204 657 1281 gradus
677 1206 819 1284 quosdam
842 1206 990 1266 medicina
1008 1205 1087 1266 labo·

71 1292 209 1354 rantibus
242 1295 400 1353 succurrit.
446 1291 519 1352 Nam
551 1295 682 1371 primum
710 1293 784 1354 cibis
817 1296 931 1354 ratione
959 1302 1087 1373 aptoque

71 1390 208 1461 tempore
226 1380 303 1440 datis
322 1387 447 1459 temptat
469 1381 614 1458 prodesse
633 1380 856 1462 languentibus3
880 1381 987 1441 deinde
1006 1384 1032 1441 si
1050 1382 1086 1442 ad

70 1469 125 1531 bos
149 1487 211 1529 non
233 1469 422 1547 responderit
443 1471 566 1548 curatio,
590 1470 627 1529 ad
650 1470 934 1530 medicamentorum
953 1469 1087 1530 decurrit

70 1561 142 1619 riam
166 1559 337 1637 potentiora
361 1560 441 1617 enim
463 1557 536 1618 haec
561 1565 590 1618 et
614 1558 780 1618 efficaciora
799 1575 886 1636 quam
907 1557 974 1617 cibi.
1015 1557 1087 1618 Post
1106 1569 1139 1618 15

70 1645 184 1707 ubine
209 1645 246 1706 ad
269 1646 342 1706 haec
361 1645 481 1725 quidem
505 1647 617 1707 cedunt
640 1646 828 1706 difficultates
852 1646 992 1706 adversae
1011 1645 1086 1705 rale-

71 1734 195 1815 tudinis,
220 1742 293 1794 tunc
317 1742 418 1795 coacta
442 1735 478 1794 ad
502 1737 667 1796 sectionem
686 1734 731 1794 rel
754 1734 858 1794 ultimo
878 1733 915 1794 ad
937 1735 1087 1794 ustionem

71 1822 200 1883 devenit.
247 1822 283 1883 At
306 1822 508 1903 Asclepiades,
537 1826 683 1883 maximus
707 1830 811 1884 auctor
833 1823 1011 1904 medicinae,
1037 1841 1087 1884 nc·

70 1913 150 1990 gavit
178 1912 277 1989 aegris
301 1911 396 1971 danda
423 1911 652 1973 medicamenta:
680 1912 800 1990 quidam
824 1914 901 1972 enim
926 1911 983 1973 hoc
1006 1930 1086 1973 men-

71 1999 156 2061 dacio
179 2001 271 2060 ctiam
296 2017 351 2078 pro
375 2008 549 2078 argumento
573 2007 709 2061 utuntur.
754 2001 893 2061 Poteram
921 2010 1032 2081 tamen,
1061 2004 1086 2063 si
1106 2014 1140 2063 2ο

71 2106 175 2149 verum
194 2088 225 2148 id
245 2096 337 2168 essct,
361 2087 474 2148 dicere:
499 2087 613 2149 Viderit
630 2088 829 2170 Asclepiades,
852 2088 923 2168 quid
946 2092 1086 2170 senserit3

71 2176 171 2237 lorsan
190 2194 252 2236 non
266 2179 386 2237 omnino
401 2178 432 2236 in
446 2176 522 2238 hanc
537 2187 652 2255 partem
672 2179 803 2238 animum
821 2177 957 2237 intendit.
990 2176 1085 2237 Homo

71 2265 140 2346 tuit,
164 2282 273 2343 parum
296 2264 424 2326 feliciter
443 2284 475 2326 se
498 2268 530 2325 in
552 2265 609 2326 hoc
628 2267 748 2344 negotio
767 2266 868 2342 gessit.
905 2263 970 2323 Non
988 2265 1085 2324 deter-

70 2371 140 2414 reor
168 2370 310 2433 persona,
338 2372 407 2414 cum
435 2372 500 2414 rem
527 2363 587 2414 tam
613 2354 768 2414 manifeste
796 2353 938 2431 prodesse
962 2353 1085 2413 videam.

69 2441 157 2503 Nunc
185 2460 257 2502 vero
285 2459 353 2503 cum
385 2453 445 2503 tam
477 2442 657 2521 inpudenter
684 2444 948 2503 comminiscantur
976 2441 1011 2501 de
1040 2460 1084 2523 eo,
1104 2452 1138 2502 25

71 2530 142 2610 quid
167 2549 290 2611 possum
314 2531 389 2592 ultra
414 2531 514 2592 dicere
538 2534 597 2592 nisi
616 2549 725 2610 genere
745 2532 873 2610 quodam
891 2530 1086 2609 parricidium

71 2636 103 2680 ac
122 2618 315 2698 sacrilegium
334 2637 386 2680 eos
402 2622 597 2701 committere,
617 2621 669 2700 qui
687 2620 760 2682 haec
779 2617 904 2681 dicunt?
935 2619 987 2680 llle
1007 2622 1086 2681 enim

70 2707 312 2769 febricitantibus
336 2710 476 2788 vitiisque
499 2709 713 2788 praecipitibus
737 2712 893 2789 correptiS,
917 2727 992 2787 quae
1016 2703 1087 2781 ὀξέα

70 2791 158 2875 πάθη
173 2796 280 2857 Gracci
299 2796 416 2877 dicunt,
435 2800 553 2876 negavit
571 2798 786 2859 medicamenta
805 2798 912 2876 danda,
933 2797 1001 2874 quia
1019 2794 1085 2855 cibo

72 2886 200 2965 vinoque
227 2893 296 2964 apte
323 2886 474 2947 interdum
503 2886 570 2946 dato
598 2887 758 2948 remediari
785 2888 880 2946 tutius
908 2902 959 2944 eos
983 2884 1083 2942 existi·
1103 2893 1138 2942 3ο

72 2976 170 3035 mavit.
210 2974 348 3035 Ceterum
372 2976 404 3034 in
427 2974 513 3055 libro,
537 2978 589 3054 qui
611 2977 817 3056 παρασκευῶν,
839 2973 870 3033 id
895 2978 941 3031 est
963 2988 1084 3048 praepa-

141 3166 158 3215 2
181 3161 307 3231 perfecto
331 3163 388 3217 iem
410 3162 456 3217 M:
480 3160 605 3230 perfecte
628 3162 685 3217 iem
708 3163 776 3216 neto
797 3160 836 3225 R3
861 3160 895 3224 cf.
918 3158 1085 3213 Graecorum

72 3246 159 3288 rocem
176 3230 289 3295 τέλειος.
363 3239 378 3286 9
398 3232 469 3289 alios
489 3249 600 3302 quoque
619 3232 759 3287 deterrere
780 3232 828 3284 M:
848 3228 975 3296 aliosque
993 3228 1084 3282 deter-

73 3305 134 3358 rent
151 3302 188 3360 R.
262 3309 295 3358 16
314 3303 477 3359 valitudinis
495 3303 529 3359 L.
604 3309 637 3357 18
656 3303 734 3358 venit
752 3302 794 3356 M.
868 3306 901 3355 21
920 3299 1031 3353 Viderit
1048 3298 1083 3366 L,

73 3387 157 3429 mcor
179 3379 270 3430 autern
291 3376 438 3430 recentiore
460 3376 473 3429 t
496 3375 588 3429 littero
610 3390 690 3429 erasa
713 3379 759 3429 eet.
841 3377 875 3426 22
900 3371 1018 3425 forsitan
1041 3370 1083 3425 M.

74 3448 107 3498 tb
124 3445 295 3514 inpudenter
312 3444 352 3498 L:
376 3445 442 3516 imp.
462 3445 497 3500 R.
572 3449 606 3499 28
626 3439 676 3511 ὀξῆ
696 3443 724 3498 rt
745 3442 924 3513 hoxyepethe
943 3441 976 3496 L.
1051 3447 1083 3496 31

75 3530 144 3584 quse
167 3532 340 3586 parasceuen
361 3516 402 3570 L:
428 3516 477 3585 qui
499 3518 768 3584 παρασκευαστικῶν
791 3514 831 3581 R;
860 3513 895 3582 cf.
917 3511 986 3568 Cael.
1012 3512 1084 3566 Aur.

890 3599 926 3654 1*
