2430 3922
117 184 181 250 166
388 181 537 239 LXXXIV.
562 179 681 237 Camillo
700 180 857 237 Palaeotto.

114 345 260 430 numine,
298 344 500 428 successerit,
535 343 590 408 litt
561 344 655 408 tteris
691 343 768 426 tibi,
804 342 868 407 mei
902 340 1135 426 amantissimo,

115 433 363 519 significandum
385 437 446 517 put
448 433 509 498 aui.
553 431 690 497 Vnicam
707 431 817 517 filiam,
840 431 924 495 inter
946 451 1053 494 sacras
1073 429 1135 493 uir·

116 523 209 608 gines
233 523 346 587 educat
332 526 409 605 tam,
431 543 497 586 non
519 521 618 585 hebet
604 526 671 585 tem
693 520 825 605 ingenio
848 541 907 584 nec
925 518 1048 604 paucis,
1071 518 1135 582 nisi

116 634 168 675 me
191 611 276 676 fallit
303 633 406 696 amor,
434 609 612 675 uirtutibus
635 609 839 690 instructam,
866 607 976 672 iuueni
1008 607 1134 691 optimo

88 704 167 764 ssat
168 700 197 764 is
153 699 346 764 hones
322 703 349 763 1
371 699 443 784 ιοιι,
466 698 552 763 haud
575 702 650 782 post
652 697 732 762 remi
755 695 904 762 ordinis
895 718 929 759 ιιι
947 695 1017 760 iure
1036 695 1135 778 ciuili,

117 788 255 853 addot
223 787 334 872 etiam,
359 752 446 870 quod
468 786 565 850 hodie
587 786 794 870 potissimum
817 784 1007 867 requiritur,
1030 806 1049 847 a
1073 785 1135 849 for-

116 880 214 942 tunae
234 875 329 940 bonis
346 897 413 939 non
430 874 600 959 imparato,
623 875 704 939 meis
721 873 982 958 reclamantibus„
1007 872 1045 936 de
1067 894 1135 937 scn-

117 964 221 1029 tentia
253 968 362 1027 tamen
393 963 538 1028 fidelium
571 963 748 1028 amicorum
784 961 948 1046 despondi.
1003 962 1067 1025 hoc
1099 965 1135 1025 tu

117 1075 225 1118 meum
249 1051 419 1116 consilium
446 1075 506 1135 pro
534 1057 643 1116 uetere
672 1056 784 1116 nostra
806 1049 1044 1115 necessitudine
1068 1054 1136 1114 tua

77 1162 103 1202 ro
118 1163 181 1224 que
204 1140 369 1224 aequitate
391 1162 458 1204 non
481 1140 595 1205 dubito
621 1141 701 1225 quin
729 1145 762 1204 et
784 1140 904 1223 probes
927 1143 960 1202 et
983 1138 1136 1203 omnibus

116 1229 251 1312 optimis
274 1250 478 1313 prosequare.
525 1229 674 1313 equidem
697 1251 779 1294 onus
797 1227 904 1292 Aetna
927 1227 1062 1313 grauius
1086 1227 1136 1290 de·

116 1317 263 1401 posuisse
281 1318 362 1381 mihi
381 1317 494 1383 uideor
517 1340 677 1401 speroque
695 1317 773 1403 fore,
797 1319 843 1401 ut,
867 1317 954 1401 quod
973 1316 1136 1400 reliquum

117 1409 167 1469 est
180 1405 278 1491 uitae,
292 1428 393 1471 uacuo
409 1406 494 1471 curis
513 1406 620 1470 animo
639 1369 813 1490 tranquille
829 1404 953 1491 degam.
992 1403 1136 1490 Quaeris,

117 1493 197 1558 ubi?
242 1458 374 1581 llomae,
398 1495 426 1559 si
448 1517 508 1579 per
526 1494 745 1559 ualetudinem
763 1493 885 1558 licebit.
929 1515 1007 1558 nam
1029 1493 1136 1558 hieme

80 1602 104 1644 u
118 1584 185 1647 fere
218 1588 289 1648 tota
321 1606 447 1648 mecum
478 1588 587 1647 actum
619 1588 668 1648 est
698 1605 766 1647 non
802 1582 938 1667 optimo,
973 1581 1136 1647 communi

117 1676 227 1736 tamen
250 1672 389 1756 pituitae
412 1673 541 1758 morbo,
571 1694 635 1757 quo
664 1671 865 1737 robustiores
889 1671 988 1736 etiam
1009 1671 1137 1736 labora·

116 1764 206 1846 runt,
239 1760 295 1823 alii
325 1761 393 1825 sine
421 1761 578 1845 periculo,
609 1759 665 1823 alii
695 1760 758 1846 sic,
784 1763 823 1823 ut
851 1759 1056 1824 decesserint.
1102 1759 1136 1823 in

118 1848 238 1931 quibus
270 1848 334 1912 fuit
365 1849 407 1933 is,
442 1848 533 1913 cuius
570 1848 663 1912 obitu
701 1848 875 1913 dolendum
907 1852 956 1912 est
987 1847 1135 1932 maxime,

116 1936 246 2019 poetica
272 1935 367 2000 laude
395 1935 533 2020 insignis
556 1936 757 2001 Amaltheus.
796 1935 877 2001 milri
901 1936 1025 2018 eadem,
1055 1957 1135 2020 quae

77 2027 224 2109 mantea,
252 2023 358 2088 uictus
385 2024 468 2088 ratio
496 2025 654 2089 medicina
681 2025 753 2089 tuit.
799 2025 936 2089 necdum
964 2024 1062 2089 audio
1092 2025 1135 2088 in-

117 2112 269 2177 stitutum
296 2117 421 2177 mutare
448 2118 584 2197 propter
611 2113 686 2178 anni
714 2118 844 2197 tempus
876 2113 1056 2197 inaequale.
1102 2112 1135 2176 in

117 2201 295 2289 publicum,
312 2201 376 2266 nisi
394 2203 575 2267 necessaria
593 2225 627 2267 re
647 2207 786 2285 coactus,
807 2224 985 2286 numquam
1004 2202 1136 2284 prodeo,

117 2290 302 2355 domesticis
324 2291 446 2356 finibus
469 2313 520 2355 me
540 2296 634 2356 teneo
658 2295 783 2356 etcum
805 2290 936 2376 libellis,
958 2290 1044 2355 idest
1064 2312 1135 2354 cum

116 2379 283 2443 amoribus
307 2383 339 2442 et
363 2379 486 2444 deliciis
509 2380 599 2464 meis,
621 2379 851 2444 iucundissime
877 2379 963 2444 uiuo.
1010 2377 1134 2443 Oratio·

76 2484 103 2526 ιι
116 2487 191 2529 nem
214 2489 274 2548 pro
297 2465 419 2531 Archia
442 2489 515 2531 cum
538 2490 609 2532 meo
633 2466 897 2533 commentariolo
929 2467 1011 2532 scire
1040 2467 1134 2551 cupio

117 2575 159 2617 an
182 2555 352 2637 acceperis.
398 2555 526 2619 absolui
554 2555 618 2619 iam
646 2555 680 2619 in
708 2556 849 2641 reliquas
873 2577 985 2620 omncs
1009 2555 1135 2620 duabus

117 2641 271 2727 exceptis,
294 2664 355 2726 pro
378 2642 509 2728 Ligario
533 2647 567 2707 et
589 2643 753 2729 Deiotaro,
777 2667 874 2729 quam
897 2645 990 2728 bene,
1013 2644 1072 2708 alii
1090 2644 1133 2708 iu-

118 2730 286 2816 dicabunt,
313 2753 432 2816 magno
461 2735 546 2796 certe
579 2754 652 2797 cum
674 2732 801 2818 labore,
830 2755 928 2816 opera
957 2754 1134 2818 numquam

116 2818 180 2884 nisi
207 2841 267 2904 per
296 2821 447 2884 morbum
475 2820 666 2886 intermissa.
713 2820 871 2897 Quiddam
900 2820 998 2885 etiam
1027 2821 1135 2905 expla-

77 2929 194 2973 acnare
227 2930 299 2973 sum
331 2930 517 2995 aggressus
550 2913 595 2990 et,
632 2913 669 2973 ut
705 2931 739 2974 se
776 2909 938 2993 principia
970 2909 1135 2994 dederunt,

117 2997 229 3063 uideor
252 2997 375 3082 aliquid
397 3002 561 3081 praestare
580 3019 701 3151 posse.t
722 3002 868 3063 assentor
891 2996 971 3062 mihi
990 2999 1136 3081 fortasse,

117 3108 192 3150 nam
215 3109 273 3151 sua
296 3086 433 3188 quisque
451 3091 550 3171 amat3
574 3091 701 3151 uerumt
703 3108 796 3150 amen
818 3087 872 3150 hic
877 3109 1021 3239 omnes,
1046 3109 1134 3171 prae·

118 3179 183 3237 sert
185 3175 230 3238 im
257 3176 381 3258 quit
341 3174 461 3240 litteris
489 3136 645 3240 exdellere
673 3180 777 3259 putan
778 3179 921 3259 tur,m1
922 3174 1019 3262 itum,
1051 3174 1136 3260 quod

206 3407 221 3454 2
243 3401 373 3456 ‘Vmcam
386 3401 486 3457 filiam'
502 3402 630 3457 Mariam
642 3402 728 3454 -4‘
730 3400 828 3455 iuueni
842 3401 962 3471 optimo'
974 3402 1135 3458 Alexandro

116 3469 251 3552 Honorio,
269 3471 361 3526 nobili
379 3473 441 3528 loco
461 3475 580 3528 orto.-
596 3480 629 3528 27
651 3474 713 3554 ‘pro
728 3472 841 3541 Ligario
858 3474 887 3526 et
900 3471 1049 3529 Deiotaro’
1066 3491 1135 3544 quas

118 3540 156 3595 ad
174 3541 316 3597 orationes
336 3543 569 3599 commentarium
587 3547 620 3599 ut
638 3542 781 3613 scriberet,
801 3543 829 3598 ιι
847 3559 903 3597 non
921 3543 1054 3614 contigit.
