2400 3922
525 139 741 203 ,14-

126 305 213 386 lyria:
238 302 314 363 solet
337 304 416 363 enim
440 301 491 362 dIu
515 299 685 380 neglectum
707 301 851 361 mortario
873 301 1054 362 inarescere.
1087 301 1136 363 llis

125 388 196 454 ut'or
224 393 330 472 prImis
357 389 463 451 diebus
490 389 622 468 collyriis
650 406 711 449 non
739 384 851 470 <sine>
880 391 992 451 ceteris
1019 390 1137 472 auxiliis,

126 490 217 562 prout
240 499 290 542 res
313 478 456 560 postulat,
478 476 654 539 abstinendo
673 477 749 558 dico,
773 479 932 556 sanguinis
951 478 1136 560 detractione,

126 571 293 649 meliusque
317 586 382 629 eam
406 569 515 628 ceteris
537 566 684 645 proficere
707 565 840 627 adfirmo.

91 673 108 722 a
216 657 320 718 XXIII.
353 657 428 718 Cum
447 674 517 716 vero
536 653 673 735 pluribus
693 656 760 733 quis
785 654 893 715 diebus
910 664 1036 716 vexatus
1054 656 1137 718 fuerIt

127 748 270 829 epIphora
293 764 361 807 cum
384 746 604 823 perseverantia
628 745 754 804 tumoris
773 752 804 802 et
827 745 936 822 pituita
959 746 1026 822 ipso
1046 744 1135 806 calore

127 837 281 898 oculorum
309 833 486 912 glutinosior
514 834 576 892 visa
603 832 707 913 fuerit,
734 832 814 910 quod
847 832 911 892 fere
940 839 1026 893 sexto
1054 836 1135 912 septi·

126 943 211 986 move
240 923 287 985 die
314 921 450 982 accidere
479 920 568 1001 solet,
596 928 660 981 tum
688 919 855 999 proderunt
879 929 910 981 et
937 938 986 1000 ea,
1014 939 1135 1001 quorum

126 1029 220 1092 genus
247 1012 387 1088 superius
413 1008 651 1090 inprobamus,
679 1011 833 1087 conposita
856 1027 894 1069 ex
921 1008 1016 1070 rebus
1043 1010 1135 1072 metal-

73 1116 107 1166 ιο
125 1101 204 1161 licis:
227 1097 343 1158 facilius
362 1099 442 1158 enim
461 1099 520 1157 Iam
539 1099 695 1174 patiuntur
713 1096 804 1179 oculi,
826 1099 852 1157 si
871 1098 961 1158 modo
981 1099 1137 1160 exulcerati

125 1206 185 1249 non
204 1187 329 1266 luerim,
353 1187 501 1246 Iniuriam.
534 1185 669 1256 Quorum
686 1187 847 1265 praeoIpue
866 1185 925 1247 hoc
944 1187 1021 1246 mihi
1038 1188 1136 1268 placet,

125 1277 204 1356 quod
232 1295 248 1336 a
276 1275 375 1336 colore
405 1269 497 1352 φαιὸν
523 1273 647 1355 <licitum
676 1276 797 1353 accipit·
811 1281 911 1336 autem
938 1275 1029 1336 haec:
1057 1278 1137 1337 Aeris

125 1367 186 1427 usti
213 1383 241 1444 p.
260 1364 286 1424 X
309 1363 377 1443 XII,
400 1362 531 1423 cadmiae
556 1370 639 1423 ustae
663 1381 690 1441 p.
710 1363 736 1423 ll
759 1362 825 1443 XII,
855 1363 937 1423 stibii
961 1366 1042 1425 cocti
1069 1363 1136 1444 pX

124 1454 192 1537 XII,
215 1455 330 1514 acaciae
350 1451 531 1532 chylismatis
555 1470 582 1531 p.
603 1450 697 1533 XVI,
720 1451 800 1511 aloes
823 1470 851 1530 p.
871 1450 898 1511 X
916 1450 970 1532 Ill,
995 1454 1047 1532 opi
1069 1452 1136 1532 pi

73 1543 164 1623 1511,
188 1545 269 1603 croci
292 1561 319 1620 p.
334 1541 360 1600 X
378 1540 432 1622 III,
456 1542 583 1601 castorei
601 1541 750 1601 victoriati
768 1540 895 1620 pondus,
918 1558 1050 1622 murrae,
1074 1542 1136 1621 lycii

123 1632 204 1693 idam
224 1629 363 1709 [scilicet]
382 1628 533 1709 ponderis,
556 1631 680 1689 commis
703 1647 730 1707 p.
746 1627 772 1688 II
791 1627 893 1689 XVIII.
926 1629 1012 1707 Aqua
1030 1631 1136 1708 pluvia·

124 1720 169 1782 tili
188 1738 264 1798 quae
283 1727 353 1779 suut
372 1718 446 1779 dura
463 1726 523 1779 tam
540 1718 592 1778 diu
610 1725 759 1798 teruntur,
778 1716 873 1778 donec
891 1717 1043 1779 levissima
1062 1720 1137 1799 fiant,

122 1815 226 1887 postea
247 1815 346 1867 cetera
369 1806 426 1866 alio
445 1808 587 1866 mortario
607 1805 722 1884 singula
740 1808 811 1866 trita
830 1805 1049 1888 admiscentur,
1073 1825 1136 1868 cum

123 1895 287 1956 tollendum
321 1900 379 1972 est,
412 1895 521 1954 commi
553 1894 689 1955 adicitur.
734 1892 799 1954 Hoc
831 1894 953 1973 quidam
987 1897 1078 1956 etiam
1108 1898 1136 1956 in

70 2004 104 2055 20
124 1984 217 2043 initiis
246 1990 373 2043 utuntur
401 2000 469 2042 cum
498 1984 545 2040 ovi
572 1991 679 2061 aquato
707 1983 823 2061 liquore
850 2001 906 2061 per
935 2001 968 2043 se
997 1984 1044 2044 vel
1072 2002 1135 2046 cum

124 2071 254 2152 collyrio,
278 2071 357 2150 quod
381 2089 398 2130 a
421 2072 541 2131 cinereo
565 2070 665 2131 colore
688 2065 851 2132 σποδιακὸν
870 2070 1047 2152 appellatur,
1071 2091 1136 2133 con·

123 2163 245 2241 ponitur
269 2169 367 2222 autem
391 2179 427 2221 ex
449 2160 510 2220 his:

212 2249 328 2311 XXIIII.
357 2250 494 2311 Cadmiae
511 2247 686 2328 botryitidos
701 2255 786 2308 ustae
801 2266 891 2326 super
905 2256 1025 2330 testam,
1044 2249 1135 2310 donec

122 2339 326 2414 locandescat,
360 2348 391 2400 et
418 2339 485 2399 vino
513 2336 637 2397 Falerno
666 2338 813 2396 extinctae
845 2335 918 2415 pll
943 2335 1010 2416 XL,
1039 2346 1134 2398 cretae

68 2447 103 2495 25
123 2426 247 2507 Samiae,
271 2445 359 2505 quam
379 2433 484 2486 vocant
503 2433 608 2501 astera,
632 2442 659 2501 p.
675 2424 700 2484 X
719 2423 835 2504 LXXX,
859 2423 942 2486 stibii
966 2429 1047 2486 cocti
1069 2425 1134 2505 pX

122 2511 189 2592 XX,
213 2517 263 2591 opi
286 2532 314 2591 p.
330 2514 355 2573 ll
374 2513 413 2593 X,
437 2514 560 2573 commis
579 2511 771 2573 AlexandrIni
793 2534 822 2593 p.
838 2513 863 2573 X
881 2511 944 2573 XX,
982 2513 1135 2576 Teruntur

194 2652 208 2700 1
227 2645 387 2701 inaceseere
405 2645 444 2700 M
457 2644 614 2713 nigrescere
634 2644 771 2718 Speriiuy.
844 2653 859 2701 2
879 2650 943 2702 utor
964 2649 1003 2701 M
1007 2670 1015 2703 ε
1040 2649 1082 2703 uti
1101 2648 1135 2705 R.

122 2716 182 2772 sine
196 2718 295 2772 acutos·
308 2735 321 2772 e
337 2718 381 2770 M.
436 2713 699 2770 3ebsiinentieM.
755 2723 826 2772 lea
843 2717 885 2773 M.
941 2721 1085 2775 ilumeris
1102 2719 1134 2773 L.

122 2795 137 2844 ‘l
153 2786 309 2859 septimove
324 2787 370 2842 M:
390 2785 567 2856 septimoque
580 2786 616 2840 R.
677 2793 693 2842 9
712 2787 924 2857 inprobarimus
942 2790 983 2844 Le
1001 2790 1085 2860 impr.
1100 2790 1133 2844 R.

122 2865 155 2915 10
173 2859 245 2984 iamg
261 2862 322 2913 tum
341 2858 383 2913 M.
442 2858 587 2927 patientur
607 2859 651 2913 M.
716 2865 748 2914 12
767 2861 878 2928 phason
896 2860 930 2914 L.
998 2866 1032 2914 14
1052 2861 1133 2931 cylia-

120 2930 205 2986 me'cis
246 2971 252 2984 .
303 2931 350 2999 opi
363 2929 403 2983 L:
422 2928 481 2998 opii
495 2929 529 2986 R.
586 2929 742 3000 repandus
758 2932 805 2984 M:
825 2930 919 2999 pondo
933 2929 970 2985 R.
1023 2947 1132 2986 murrae

118 3002 159 3057 Lx
183 3000 311 3070 myrrhae
329 3001 365 3054 R.
440 3006 473 3055 16
496 3001 658 3057 vocobulum
681 3001 826 3056 sciliceta
844 3000 883 3055 M
902 3003 1033 3056 omissum
1056 3003 1135 3057 meis

118 3073 229 3128 inclusi,
310 3071 402 3125 XVIII
424 3072 463 3127 L:
487 3073 585 3127 decem
610 3075 639 3126 et
660 3075 724 3128 octo
743 3071 779 3126 R.
862 3076 895 3127 17
915 3072 986 3126 dura
1007 3073 1134 3128 tamdiu

118 3143 230 3210 scripsi:
254 3141 356 3197 durata
378 3142 427 3196 diu
450 3143 486 3198 R.
561 3150 594 3198 18
613 3160 676 3197 cum
697 3144 744 3196 M:
768 3142 836 3196 dum
853 3142 889 3196 R.
964 3148 998 3198 19
1019 3143 1133 3212 quidam

120 3213 168 3266 M:
192 3210 307 3281 quidem
329 3213 364 3268 R.
443 3219 476 3268 21
501 3213 653 3283 spodiaoon
676 3213 711 3267 L.
786 3218 849 3280 post
876 3213 1040 3282 appellatur
1067 3230 1134 3284 quoe

118 3284 201 3338 aerbo
222 3283 386 3352 interposita
408 3285 487 3339 habet
505 3284 544 3339 R:
569 3281 722 3352 Collyrium
746 3282 908 3350 spodiaeum
927 3301 945 3338 a
963 3284 1133 3353 quibusdam

118 3354 261 3408 cinereum
279 3353 391 3422 dieitur,
410 3372 442 3410 eo
460 3373 493 3412 ec
511 3357 632 3410 lemmate
650 3358 711 3408 orto
729 3353 800 3408 cidit
818 3353 907 3410 Rhesi.
972 3361 1007 3410 23
1027 3355 1132 3426 botryi-

118 3425 169 3480 dos
184 3424 222 3549 ἑ
291 3427 366 3481 testa
384 3426 417 3481 L.
490 3431 526 3479 24
545 3425 695 3480 candescat
713 3422 754 3477 M
824 3429 861 3477 25
881 3424 973 3479 stibiis
993 3427 1029 3484 L.
1099 3432 1131 3481 26

118 3494 166 3566 opi
215 3495 300 3565 :opii
318 3497 354 3551 R.
