2400 3922
480 174 700 240 ..gg-

79 342 184 409 carpta
202 333 339 417 plurima,
359 335 465 396 deinde
484 353 646 415 spongeam
664 355 770 398 novam
790 356 826 398 ex
845 338 983 400 verbenis
997 349 1097 403 murto

79 423 205 504 oleaque
220 422 314 485 lactis.
352 422 474 485 Constat
489 442 524 485 ex
538 424 599 488 his:
617 426 776 505 Aeruginis
790 444 819 504 p.
834 425 859 485 X
875 426 937 509 llll,
957 447 1097 508 squamae

79 514 159 574 aeris
181 531 211 593 p.
234 511 260 571 X
283 511 334 592 Vl,
363 515 439 573 turis
467 513 585 593 pollinis
607 532 636 592 p.
661 513 687 574 X
711 514 760 595 Vl,
788 515 905 594 galbani
932 535 960 595 p.
984 516 1010 577 X
1033 517 1096 596 llll,

78 601 219 663 aluminis
246 600 368 661 rotundi
395 619 424 679 p.
448 600 474 660 X
499 601 567 683 llll,
599 604 715 664 resinae
742 605 875 682 pituinae
903 623 930 683 p.
955 604 981 665 X
1008 604 1096 686 XXV,

78 707 167 752 cerae
189 709 218 769 p.
238 689 264 750 X
281 688 369 771 XXV,
392 690 450 750 olei
468 690 566 768 pondo
591 699 734 774 sextante,
757 692 975 754 terebinthinae
996 694 1131 774 pondos

78 779 203 859 selibra,
231 780 308 839 aceti
336 779 416 857 quod
448 781 520 839 satis
548 787 602 840 est.
648 779 834 858 Conponitur
864 782 969 842 eodem
998 783 1096 865 modo,

80 886 140 948 quo
165 875 196 928 ct
219 869 359 947 superius
383 869 494 946 scripta
516 868 622 929 viridia
646 868 805 948 emplastra
828 878 906 931 sunt.

169 954 262 1016 CCVI.
308 955 509 1035 Emplastrum
542 957 636 1017 viride
665 956 803 1037 Glyconis
836 958 982 1040 chirurgi,
1015 959 1096 1039 quod

78 1047 127 1105 sui
149 1045 270 1124 generis
294 1062 361 1105 meo
384 1045 495 1106 iudicio
519 1054 640 1124 superat
659 1048 767 1128 omnia,
790 1055 912 1108 vocatur
935 1047 1000 1108 lsis.
1042 1048 1096 1108 hc·

77 1136 152 1213 cipit
174 1133 263 1194 haec:
285 1132 372 1193 Aeris
395 1135 464 1214 usti,
488 1136 565 1194 aeris
589 1134 703 1214 Cyprii,
729 1137 880 1214 aeruginis
905 1155 1002 1216 rasae,
1026 1136 1097 1197 salis
1116 1150 1150 1200 10

77 1223 206 1302 fossicii,
229 1228 329 1301 guttae
353 1223 542 1303 ammoniaci,
570 1225 646 1283 turis
669 1224 807 1303 masculi,
836 1225 905 1284 mali
928 1232 1026 1285 terrae
1050 1243 1097 1285 ro·

77 1310 180 1392 tundi,
213 1328 288 1390 quac
320 1305 504 1391 ἆριστολοχία
535 1307 696 1393 στρογγύλη
727 1311 838 1372 Graece
872 1312 994 1392 dicitur,
1027 1313 1097 1373 mali

78 1409 178 1462 terrac
207 1407 438 1480 sarmentorum,
467 1399 576 1478 quibus
604 1403 795 1478 unguentarii
822 1408 961 1481 utuntur,
986 1401 1096 1462 dicitur

78 1497 180 1550 autem
204 1487 392 1548 aristolochia
416 1488 583 1569 clematitis,
602 1488 740 1549 aluminis
759 1489 890 1569 rotundi,
909 1489 1096 1568 singulorum

75 1577 177 1658 pondo
200 1577 334 1657 unciam,
361 1593 493 1658 murrae,
517 1576 646 1658 galbani,
670 1576 763 1659 aloes,
787 1577 973 1656 singulorum
995 1578 1095 1657 pondo
1115 1591 1148 1643 15

76 1672 259 1745 sextantem,
295 1682 382 1726 cerae
419 1666 517 1744 pondo
553 1667 708 1747 trientem,
748 1668 865 1727 resinae
902 1666 1095 1745 colophoniae

76 1754 178 1834 pondo
202 1752 256 1813 llll
275 1752 321 1814 vel
340 1753 398 1813 dua
417 1763 447 1815 et
470 1753 597 1835 bessem,
616 1754 674 1815 olei
692 1757 855 1816 sextarium
875 1774 975 1816 unum.
1014 1754 1095 1816 llaec

79 1845 160 1904 enim
183 1842 318 1923 galbano,
336 1844 444 1924 resina,
462 1860 531 1903 cera
550 1850 580 1903 et
603 1842 667 1904 oleo
692 1861 782 1922 super
805 1846 904 1923 ignem
927 1843 1095 1924 liquefactis

76 1934 244 1992 miscentur
271 1933 427 2011 mortario,
459 1940 614 2011 praetcrea
646 1934 755 1993 ceteris
788 1951 825 1993 ex
857 1935 933 1993 aceti
965 1934 1094 1992 sextario

77 2038 148 2082 uno.
198 2019 283 2080 Facit
317 2019 374 2081 hoc
411 2020 604 2099 emplastrum
636 2021 672 2080 ad
710 2020 857 2081 detectam
893 2020 1096 2081 membranam
1113 2033 1148 2084 ao

76 2116 230 2189 tegentem
253 2107 412 2171 cerebrum
431 2108 467 2168 de
490 2108 637 2169 industria
661 2109 830 2189 amedicis,
854 2127 922 2169 cum
943 2108 1095 2169 terebratu

77 2197 228 2259 exciditur
257 2197 336 2277 quod
364 2196 454 2258 laedit
478 2216 542 2258 eam
567 2216 609 2278 os,
633 2197 679 2257 vel
702 2197 832 2276 alioquin
857 2197 1003 2256 detectam
1026 2214 1096 2256 rosa

77 2286 209 2348 dilutum
232 2293 262 2347 ct
284 2287 456 2364 inpositum.
497 2286 571 2348 ltem
594 2286 665 2347 facit
688 2285 724 2345 ad
747 2286 852 2364 capitis
872 2285 1019 2345 diutinum
1042 2284 1094 2345 do·

75 2374 181 2456 loram,
205 2392 294 2454 quem
316 2376 482 2452 nepotulos
505 2374 611 2435 Graeci
629 2371 787 2453 appellant,
806 2372 918 2433 dolenti
940 2373 1005 2433 loco
1025 2391 1093 2433 raso

77 2464 302 2544 superpositum
325 2481 382 2523 nec
405 2465 504 2524 minus
528 2463 591 2524 dies
615 2464 726 2542 viginti.
773 2460 847 2522 Item
870 2461 941 2522 lacit
963 2461 998 2522 ad
1024 2481 1093 2523 ocu·
1111 2476 1147 2527 25

74 2551 175 2612 lorum
221 2552 413 2612 imminentes
459 2552 617 2630 epiphoras
667 2553 890 2630 superpositum
914 2550 1094 2616 trontibus.

76 2638 226 2718 [Ceteras]
243 2639 346 2700 eodem
366 2640 454 2700 modo
474 2642 626 2718 sanguinis
646 2642 820 2718 eruptiones
839 2659 855 2700 e
874 2639 998 2700 naribus
1011 2641 1093 2702 adiu-

75 2737 126 2790 vat
149 2736 180 2790 et
202 2727 356 2789 ulceribus
379 2729 465 2790 factis
489 2729 622 2788 eiusdem
646 2731 739 2806 partis
763 2747 831 2788 rosa
855 2729 982 2789 dilutum
1006 2729 1092 2806 prod·

74 2825 123 2879 est
155 2834 212 2878 nec
243 2819 344 2877 minus
377 2819 484 2895 angina
521 2819 667 2895 correptis
705 2816 839 2877 faucibus
877 2823 960 2874 extra
990 2833 1092 2892 super-

74 2907 208 2986 positum
231 2914 261 2966 et
284 2914 345 2966 toto
370 2905 454 2966 collo.
499 2904 654 2967 Parotidas
682 2907 765 2965 initia
792 2902 936 2963 habentes
960 2902 1090 2980 discutit,
1110 2919 1146 2965 30

75 3002 258 3075 supputatas
289 2996 399 3073 iungit,
433 2997 459 3054 si
487 2996 554 3073 quis
587 2994 774 3054 emissarium
806 2989 989 3051 collectionis
1022 2997 1090 3067 apto

73 3082 154 3164 loco,
179 3083 209 3145 id
234 3091 280 3143 est
303 3083 380 3143 inira
400 3085 511 3163 sinum,
540 3081 592 3142 ubi
619 3081 753 3142 collectio
778 3088 837 3158 est,
866 3079 982 3158 iecerit,
1011 3078 1091 3156 quod

74 3167 224 3252 ὑπόχυσιν
251 3170 358 3232 Graeci
386 3171 498 3232 dicunt.
548 3170 659 3230 Eadem
687 3170 801 3229 ratione
826 3166 1090 3244 suppurationibus

147 3331 161 3378 1
182 3322 332 3394 spongiam
350 3324 386 3378 R.
460 3320 629 3393 &Glyconis
653 3318 776 3389 chirurgi
799 3336 812 3373 e
835 3319 955 3372 lemmate
977 3319 1009 3373 iu
1034 3323 1090 3372 tex·

72 3400 130 3451 tum
158 3396 254 3450 intuli.
355 3401 387 3450 tr
416 3395 472 3449 duo
499 3395 598 3450 Aldus.
698 3397 730 3444 18
759 3389 845 3459 enim]
878 3391 972 3443 autem
999 3389 1088 3443 utcu.

71 3465 237 3537 liquefactis
250 3465 354 3522 Rhoda
373 3464 527 3534 liquefacta
547 3464 583 3519 R.
667 3468 702 3517 24
725 3461 886 3528 κεφαλαίαν
904 3460 1015 3527 scalpsi:
1044 3476 1089 3512 κε·

72 3537 236 3609 aetatulae
255 3536 291 3592 R.
365 3542 398 3590 at
419 3539 526 3591 ceteras
545 3535 654 3590 inclusi.

892 3618 928 3672 g*
