2400 3922
524 152 745 219 ..76-

126 333 276 396 spumosa,
299 316 452 377 interdum
469 315 575 377 biliosa
597 324 650 377 aut
672 315 860 395 sanguilenta
879 325 911 378 et
932 319 1063 378 maxime
1080 336 1142 380 cum

127 403 278 465 simulavit
300 412 352 467 aut
374 406 537 467 nominavit
560 404 668 485 aliquis
690 406 814 485 piscem.
851 404 1023 468 insomnis
1042 407 1144 468 littoris

127 493 208 572 pulsi
231 492 341 555 lluctus
362 494 502 555 videntur
525 492 653 555 subinde
677 494 790 556 audire.
827 493 915 555 Oculi
939 513 1047 556 eorum
1071 495 1143 556 exul·

128 590 279 662 cerautur,
307 600 400 661 genae
427 581 578 664 inflantur,
605 581 715 645 coloris
743 582 813 643 mali
840 590 871 644 et
894 582 990 645 veluti
1017 583 1145 663 plumbei

94 672 205 732 odunt
234 672 463 751 minutatimque
486 690 541 751 per
563 670 663 732 tabem
687 672 773 751 quasi
799 670 946 751 phthisici
969 690 1145 734 consumun-

130 769 188 821 tur.
229 759 371 821 Adiuvari
398 767 498 820 autom
521 759 632 821 debent
658 760 716 821 hoc
744 759 821 820 malo
845 762 1049 822 circumventi
1075 761 1145 823 laete

130 847 270 908 muliebri
289 847 335 908 vel
358 850 467 928 equino
486 848 533 908 vel
552 850 673 911 vaccino
693 856 744 909 aut
766 849 891 910 asinino
905 867 998 927 quam
1021 850 1146 930 plurimo

130 935 238 998 cotidie
259 954 315 1014 per
334 954 366 997 se
389 945 440 997 aut
459 955 529 998 curn
552 936 640 998 melle
663 944 791 1016 sumpto.
832 937 962 998 Prodest
985 947 1016 999 et
1040 939 1145 1000 malvae

130 1022 254 1084 sorbitio
287 1022 364 1084 bene
396 1033 487 1086 uncta
518 1032 549 1085 et
586 1025 671 1088 salsa.
725 1026 800 1087 Item
836 1034 969 1105 prosunt
1003 1027 1144 1090 malorum

78 1124 110 1172 ιο
129 1111 312 1173 Punicorum
336 1130 428 1191 grana
451 1114 575 1175 adsidue
598 1115 674 1177 data.
719 1113 801 1176 Bene
825 1116 896 1176 lacit
914 1122 946 1176 et
969 1117 1022 1195 pix
1042 1117 1146 1195 cedria,

131 1202 247 1280 siquis
275 1201 345 1262 inde
373 1201 443 1264 bina
470 1210 592 1264 ternave
616 1203 760 1265 coclearia
784 1201 879 1280 [eius]
904 1206 1072 1283 sumpserit
1097 1223 1146 1284 por

131 1308 163 1350 se
181 1289 229 1350 vel
247 1309 284 1351 ex
302 1293 383 1370 passi
401 1292 516 1371 cyathis
536 1291 652 1354 duobus
672 1291 814 1354 tribusve.
851 1292 927 1353 ltem
943 1291 1023 1354 bene
1038 1295 1146 1355 faciunt

129 1379 262 1459 iuniperi
284 1382 373 1441 tritae
393 1399 481 1461 quam
504 1380 632 1461 plurimo
651 1399 721 1442 cum
743 1398 832 1459 passo
851 1389 904 1441 aut
926 1399 984 1460 per
1005 1383 1145 1444 sedatae.

221 1468 411 1532 CLXXXVII.
450 1469 640 1531 Salamandra
662 1469 772 1550 quibus
796 1469 863 1530 data
887 1476 947 1549 est,
976 1470 1080 1550 lingua
1102 1489 1144 1531 ex·

78 1565 111 1614 15
132 1565 298 1639 asperatur,
321 1577 430 1639 corpus
453 1558 614 1620 invalidum
637 1559 684 1640 lit3
706 1565 826 1637 praeter
844 1557 902 1619 boc
920 1565 1025 1639 torpet
1045 1561 1142 1638 rigori·

131 1645 189 1707 bus
213 1648 392 1727 quibusdam
415 1655 444 1709 et
467 1646 610 1709 livoribus
629 1649 715 1727 quasi
737 1646 862 1708 maculis
880 1649 1024 1709 variatur.
1062 1648 1145 1710 Adiu-

132 1737 194 1796 vari
214 1744 314 1798 autem
332 1735 451 1816 debent,
471 1736 580 1816 quibus
599 1738 717 1814 inpacta
735 1743 790 1815 est,
808 1734 895 1796 melle
910 1754 1001 1815 quam
1020 1736 1145 1816 plurimo

131 1840 186 1901 per
209 1841 241 1882 se
265 1824 311 1883 vel
334 1842 402 1884 cum
429 1827 528 1884 resina
552 1843 588 1884 ex
615 1827 702 1905 pinu,
730 1826 816 1885 cuius
840 1826 930 1885 otiam
952 1832 1060 1886 tenera
1082 1825 1145 1890 folia

133 1928 200 1970 oum
223 1908 325 1990 herba,
349 1929 437 1989 quam
456 1910 561 1973 Graeci
584 1913 763 1992 χαμαίπιτυν
785 1912 943 1993 appellant,
967 1914 1092 1975 decocta
1113 1933 1144 1975 ea

78 2008 112 2058 20
132 2016 208 2078 aqua
240 1997 335 2059 mulsa
367 2008 503 2076 prosunt.
549 1998 623 2061 ltem
651 2000 705 2062 lini
733 2003 856 2062 seminis
885 2001 981 2063 farina
1011 2020 1046 2064 ex
1075 2021 1145 2082 aqua

132 2085 226 2147 mulsa
250 2094 368 2165 sumpta
392 2088 631 2168 quamplurima
655 2088 731 2150 bene
755 2091 882 2151 adiuvat.

220 2175 424 2237 CLXXXVIII.
456 2177 575 2238 Aconiti
593 2187 699 2257 gustus
719 2187 765 2239 est
782 2189 885 2239 auster
904 2186 995 2259 atque
1015 2180 1145 2242 subama-

131 2284 192 2328 rus.
224 2266 333 2326 Potum
351 2275 452 2327 autem
466 2269 604 2345 protinus
618 2268 688 2328 lacit
703 2285 814 2346 corpus
828 2285 917 2346 grave
932 2277 963 2329 et
977 2269 1145 2348 displicens.

131 2354 248 2415 Mordet
275 2363 375 2416 autem
404 2355 589 2415 stomachum
612 2364 642 2416 et
669 2374 721 2416 cor
749 2356 862 2436 adficit3
889 2358 992 2436 itaque
1018 2359 1145 2419 sudore

77 2448 111 2496 25
130 2446 255 2522 vestigio
274 2447 443 2522 insequitur
461 2442 573 2504 multus
593 2452 623 2504 et
643 2444 777 2525 frigidus,
799 2447 926 2505 maxime
946 2447 1030 2507 circa
1048 2446 1146 2508 oculos

131 2539 161 2594 et
184 2534 314 2594 frontem
337 2538 467 2610 apparet.
509 2531 653 2592 ludantur
670 2534 813 2593 intestina
832 2542 862 2594 et
881 2535 961 2594 venti
984 2534 1145 2615 plurimum

131 2624 272 2682 emittunt
300 2623 351 2699 qui
383 2618 537 2697 biberunt,
569 2622 736 2699 capitisque
768 2621 902 2682 dolorem
934 2622 1050 2685 habent
1081 2641 1146 2685 cum

131 2712 277 2789 vertigiue
302 2708 428 2788 quadam
450 2708 574 2770 adsidue
599 2710 732 2789 quidem,
761 2710 814 2771 sed
837 2712 999 2790 praecipue
1025 2732 1094 2774 cum
1116 2730 1145 2772 se

131 2818 147 2860 e
166 2798 276 2860 lectulo
296 2799 393 2860 levare
413 2806 567 2860 conantur.
599 2799 759 2879 Proprium
778 2807 823 2859 cst
842 2806 942 2860 autem
965 2800 1058 2863 huius
1080 2800 1145 2863 mali

77 2895 111 2944 ao
131 2888 341 2949 medicamenti
377 2890 515 2967 protinus
551 2888 656 2950 lividos
688 2886 829 2949 articulos
862 2895 892 2948 et
924 2897 1009 2949 artus
1043 2890 1145 2951 facere.

132 2975 191 3036 Sed
205 2976 383 3039 adiuvantur
398 2977 483 3038 facile
499 2980 550 3056 qui
568 2977 598 3037 id
618 2983 811 3054 sumpserunt
828 2983 896 3036 ruta
911 2995 1002 3056 quam
1020 2978 1146 3058 plurima

131 3073 200 3144 pota
229 3084 297 3126 cum
325 3067 408 3145 vino,
440 3068 512 3126 item
540 3067 605 3125 iure
634 3063 758 3141 gallinae
785 3065 905 3143 pinguis
933 3065 981 3125 vel
1008 3065 1145 3128 bubulae.

130 3154 257 3215 Prodest
280 3161 310 3214 et
332 3153 379 3214 liis
398 3155 500 3213 vinum
518 3151 724 3231 chamaepityn
743 3153 895 3213 decoctam
917 3156 949 3214 in
973 3172 1006 3215 se
1026 3155 1146 3235 babens,

204 3314 218 3361 1
239 3304 454 3376 sauguinolenta
472 3304 635 3372 Stephanus.
709 3310 725 3358 6
744 3304 830 3374 lacte]
854 3305 889 3371 cf.
907 3306 969 3360 Gal.
990 3306 1066 3377 XIV,
1086 3313 1142 3363 1³9.

134 3384 167 3435 11
186 3377 245 3434 eius
263 3378 377 3445 inclusi,
400 3375 467 3429 iude
485 3377 535 3430 del.
555 3374 658 3442 Rbod.;
683 3391 721 3428 ao
739 3376 911 3430 scribendum
934 3377 1145 3449 adsumpserit?

134 3458 167 3506 13
184 3449 272 3505 bacae
295 3445 417 3518 iuniperi
439 3446 528 3503 Rbod.
602 3453 635 3500 21
654 3444 777 3514 plurima
798 3447 909 3514 scripsi:
935 3446 1093 3516 plurimum
1110 3449 1144 3505 R.

133 3529 167 3577 26
186 3524 306 3592 apparet
323 3521 432 3576 Rhodio
450 3521 608 3587 suspectum.
