2400 3922
516 167 733 233 -4g..

117 335 231 415 spicae,
264 333 356 412 asari,
385 329 587 411 xylobalsami,
620 328 782 391 mastiches
810 328 917 411 Chiae,
951 330 1119 410 singulorum

119 421 193 503 ph
218 420 264 483 Vl.
310 420 459 482 l'unditur
482 427 512 480 et
540 420 616 480 vitro
639 419 807 498 reponitur.
853 417 972 480 Dantur
995 419 1122 481 oocleena

120 511 179 573 duo
203 510 250 571 vel
272 511 331 571 tria
352 527 389 570 ex
411 525 505 587 aquae
528 507 642 588 cyathis
665 506 774 569 trihus.

210 597 284 661 cxl.
311 597 356 658 hd
369 596 524 676 coeliacos,
542 596 573 657 id
587 605 645 676 est,
660 597 712 674 qui
726 594 827 656 subito
841 603 874 657 et
888 595 985 658 multa
998 595 1123 675 deiciunt,

86 690 195 756 sitem
217 696 248 749 et
270 686 307 747 ad
330 685 427 747 alvum
450 686 569 746 citatam
588 694 618 745 et
635 684 789 745 interdum
807 682 886 745 levia
903 686 1047 748 tormina:
1067 684 1123 746 Sor·

121 777 228 838 borum
251 775 403 836 aridorum
426 781 620 834 contusorum
638 773 788 834 sextarius
807 790 898 853 unus,
922 773 999 835 rhus
1018 773 1124 854 Syriaci,

123 884 182 945 quo
196 865 262 926 coci
275 872 410 941 utuntur,
427 863 550 923 sextarii
564 863 631 941 dno,
652 859 726 921 mala
740 868 862 939 granata
878 864 1016 923 recentia
1028 863 1126 942 decen,

122 956 193 1013 item
221 950 296 1012 mala
319 949 455 1030 Cydonea
478 949 590 1010 decem.
636 949 716 1010 llaec
738 958 868 1029 utraque
892 951 1125 1014 coniciunturin

122 1058 222 1118 sapam
245 1038 352 1100 factam
376 1056 412 1098 ex
435 1039 528 1098 musti
551 1038 648 1100 adhue
671 1039 702 1099 in
727 1037 807 1098 dolio
830 1038 980 1100 ferventis
1004 1039 1125 1101 sextariis

70 1149 103 1198 10
120 1130 242 1208 triginta
265 1144 317 1187 sex
340 1126 377 1186 ad
401 1125 559 1187 duodecim
582 1127 728 1188 sextarios
747 1126 913 1208 decoctam,
936 1128 1035 1191 donec
1051 1126 1126 1189 malo

122 1235 190 1278 rum
213 1218 295 1277 coria
317 1223 548 1296 percoqnantur,
571 1224 606 1277 ut
629 1217 690 1277 sint
711 1214 843 1296 madida,
866 1216 980 1277 deinde
1001 1224 1127 1278 teruntur

122 1306 195 1367 haee
210 1304 295 1366 lictili
313 1306 463 1385 mortario,
481 1312 517 1365 ut
530 1322 621 1383 grana
635 1305 876 1365 comminuantur
891 1303 1020 1384 [quihus
1035 1303 1126 1367 deinde

123 1394 254 1474 Cydonia
277 1393 480 1455 admiscentur
502 1401 534 1454 et
555 1410 649 1472 aeque
673 1390 837 1468 terunturJ.
880 1392 993 1455 Postea
1015 1394 1085 1456 rhus
1103 1399 1127 1453 et

124 1483 213 1545 sorhe
236 1482 318 1544 arida
340 1483 543 1544 admiscentur
565 1480 695 1542 cribrata
717 1483 837 1543 curiose
860 1498 966 1562 sapae,
997 1499 1127 1562 quaere

72 1591 106 1640 15
126 1573 212 1634 sidua
238 1582 298 1652 est,
326 1579 357 1632 et
383 1570 522 1632 omnihus
553 1572 585 1631 in
612 1588 706 1631 unum
733 1567 809 1630 bene
837 1572 952 1631 coactis
985 1572 1127 1652 reponitur
1171 1560 1173 1635 f

124 1662 375 1723 medicamentum
397 1661 429 1720 in
447 1661 541 1720 vitreo
560 1677 636 1720 vase.
673 1657 788 1719 Dantur
810 1665 911 1720 autem
936 1660 1010 1721 inde
1033 1659 1128 1722 ieimis

124 1751 156 1808 in
180 1749 259 1810 diem
282 1747 390 1827 ligulae
412 1746 500 1809 hince
523 1747 569 1808 vel
591 1756 693 1808 ternae
716 1765 771 1827 per
794 1764 835 1807 se.

213 1835 299 1896 CXII.
337 1835 390 1896 Sin
412 1844 514 1896 eutem
536 1837 654 1914 gravior
675 1835 799 1897 morbus
826 1835 951 1920 insedit,
979 1836 1031 1898 hic
1054 1837 1130 1898 detur

123 1922 259 2002 pastillus
274 1923 311 1984 ad
326 1922 471 1984 coeliacos
486 1931 516 1984 et
533 1926 712 1985 torminosos
726 1925 838 2003 optime
853 1924 981 1986 faciens:
1001 1924 1131 2004 Baleusti,

71 2031 106 2082 20
124 2011 340 2094 hypocistidos,
368 2007 463 2092 (opi)
485 2012 582 2092 pridie
610 2031 695 2092 aqua
713 2014 856 2074 macerati
882 2013 984 2092 pondo
1013 2023 1132 2092 sextans,

126 2100 230 2164 alterci
257 2103 395 2182 seminis,
423 2111 522 2163 cretae
547 2102 676 2183 Samiae,
703 2101 888 2181 singulorum
912 2102 1014 2181 pondo
1039 2104 1133 2182 uncia,

125 2193 194 2253 rino
222 2193 342 2273 myrtite
370 2191 484 2253 adiecto
513 2192 590 2253 liunt
615 2189 725 2272 pastilli
752 2190 886 2269 pondere
914 2189 941 2250 ll
970 2193 1062 2252 unius
1090 2199 1135 2252 aut

126 2283 282 2343 victoriati.
328 2280 442 2343 Dantur
465 2282 566 2342 ieiuno
590 2282 654 2342 sine
681 2279 765 2340 lehre
788 2297 824 2340 ex
847 2281 916 2339 vino
940 2282 1064 2360 myrtite
1090 2287 1135 2341 aut

127 2368 265 2450 Signino,
296 2370 402 2450 cyatho
430 2387 490 2430 uno
518 2388 588 2430 cum
616 2368 733 2430 duobus
760 2386 853 2447 aquae
880 2369 988 2448 mixto,
1023 2369 1136 2431 iehrici·

71 2471 106 2520 25
125 2457 258 2516 tantihus
277 2475 313 2516 ex
336 2475 430 2535 aquae
453 2456 567 2534 cyathis
589 2457 695 2517 trihus.
737 2454 793 2516 Hic
816 2458 905 2517 etiam
927 2459 1054 2518 incitata
1075 2456 1136 2518 lihi-

125 2540 194 2601 dine
217 2545 312 2622 ipsius
335 2542 433 2602 morbi
455 2541 613 2622 [pastillus
637 2545 698 2604 sive
722 2543 837 2622 plures]
857 2543 970 2606 dilutus
993 2563 1072 2626 aqua
1094 2563 1136 2607 ca·

124 2626 197 2710 lida,
224 2632 306 2710 vino,
334 2629 399 2690 oleo
422 2647 477 2708 per
499 2628 658 2707 clysterem
680 2633 857 2715 inmittitur;
886 2635 989 2694 statim
1017 2651 1137 2696 somnus

197 2822 258 2876 oet
272 2816 397 2874 edlevie
414 2816 555 2872 interdum
569 2819 611 2877 M.
666 2820 743 2875 lenio
755 2821 792 2877 R.
848 2820 943 2876 osli
961 2821 997 2878 L.
1056 2828 1137 2891 tque

126 2892 187 2947 ecci
209 2892 325 2947 utuntur
348 2889 395 2944 M:
423 2891 580 2958 coquuntur
603 2890 639 2946 R.
713 2898 729 2947 8
753 2892 871 2948 eidonee
893 2892 933 2946 L:
958 2893 1082 2961 cydonio
1103 2892 1137 2948 R.

127 2965 261 3018 cocuntur
279 2960 310 3015 in
328 2976 396 3029 sepe
414 2960 491 3015 lecte
509 2961 544 3016 L.
619 2968 651 3017 12
672 2964 755 3018 verbe
773 2962 873 3032 quibus
891 2962 996 3018 deinde
1014 2963 1139 3033 Cydonia

126 3033 315 3088 admiscentur
333 3033 363 3085 et
381 3045 471 3099 aeque
489 3033 619 3086 teruntur
635 3051 705 3104 puae
725 3035 763 3088 M
779 3035 869 3089 omimt
886 3040 1027 3103 tamquam
1046 3036 1138 3090 utem

125 3104 206 3158 escis
228 3103 438 3170 ercunueipsi.
513 3108 545 3156 13
569 3103 636 3158 rhus
660 3105 706 3159 M:
729 3123 822 3160 rursus
845 3104 882 3159 R.
956 3110 990 3160 16
1010 3120 1079 3162 reso
1097 3105 1138 3160 M.

127 3178 159 3227 19
177 3173 291 3228 initium
309 3173 393 3227 deiros
406 3174 610 3241 conpositionis
623 3176 761 3246 intepretes
773 3191 830 3230 noe
843 3181 894 3243 eet;
913 3175 952 3230 M
961 3177 1035 3231 enim
1047 3177 1138 3232 hebd:

125 3243 247 3310 ececiee,
266 3243 403 3312 balausti,
423 3243 639 3313 hypocystidos‚
660 3245 719 3315 opii
737 3246 909 3314 singulorum
927 3246 1061 3303 denarios
1080 3246 1138 3316 qui·

125 3329 184 3369 nos.
252 3312 377 3369 belensti
394 3315 434 3368 Le
454 3314 588 3370 balaustii
606 3315 643 3371 R.
715 3321 750 3371 20
768 3315 968 3386 hypocystidos
986 3316 1023 3372 L.
1092 3316 1138 3387 cpi

125 3385 231 3441 addidi.
287 3390 321 3439 22
337 3384 460 3454 pondere
473 3387 586 3455 scepei:
605 3393 647 3454 p0.
661 3386 698 3441 R.
749 3391 783 3440 26
797 3387 850 3441 Hic
863 3388 975 3455 scripti:
991 3388 1053 3443 Hoc
1067 3386 1137 3445 ΕΜ.

125 3461 159 3511 26
178 3454 310 3525 pastillus
330 3457 388 3511 sive
406 3457 500 3526 plures
523 3473 574 3512 om.
593 3457 640 3524 M,
663 3457 772 3511 incitet.
846 3456 951 3513 dilutus
969 3474 1031 3526 epo:
1055 3458 1138 3514 diluti

124 3527 160 3583 R.
232 3532 266 3581 2⁷
286 3525 450 3597 clysterium
469 3528 511 3581 M.
