2400 3922
466 199 683 264 ...75-

62 363 137 424 haec
172 362 345 423 deformitas
378 363 458 423 circa
492 361 598 422 facicm
630 361 878 443 deprehenditur3
915 371 1082 442 suppurant

63 460 165 514 autem
183 449 330 531 plurimae
344 457 445 529 partes
459 468 571 511 corum.
604 449 789 512 Adiuvantur
803 449 969 513 secundum
987 453 1080 511 reiec-

62 541 178 602 tionem
201 557 279 619 aqua
301 538 396 600 mulsa
420 540 542 617 acrique
561 541 724 620 curatione,
746 541 860 621 pipere,
882 556 998 619 murra,
1021 541 1081 618 apii

63 631 180 692 semme
207 628 340 707 pondere
363 630 429 706 pari
456 630 487 690 in
511 647 605 689 unum
632 630 746 710 mixtis,
775 647 811 689 ex
834 646 929 707 eoque
953 628 1080 689 medica·

62 725 166 779 mento
190 735 219 796 p.
238 715 264 775 X
288 717 377 777 unius
401 716 472 777 dare
492 713 653 797 <oportet>
673 735 742 778 cum
760 719 822 778 vini
845 716 958 797 cyathis
982 715 1079 778 tribus
1100 732 1114 777 5

63 814 244 886 quattuorve
268 804 377 865 cotidie
400 807 486 884 potis.

154 892 348 956 CLXXXllll.
377 893 548 975 cerussam,
568 911 657 973 quam
671 893 777 955 Graeci
794 889 946 974 ψιμύθιον
964 902 1079 974 vocant,

63 985 117 1063 qui
140 983 292 1063 biberunt,
315 981 401 1043 facile
425 983 703 1062 deprehenduntur:
726 983 858 1063 linguam
882 985 962 1045 enim
985 983 1080 1044 albam

61 1071 176 1133 habent
212 1073 483 1150 commissurasque
521 1072 655 1132 dentium
693 1071 862 1134 albicantes.
921 1072 1080 1133 Praeterea

61 1168 219 1240 nauseant,
237 1161 368 1221 reiciunt
386 1168 456 1238 poto
471 1161 695 1241 medicamento,
710 1161 846 1241 caligant,
864 1163 959 1240 magis
972 1164 1078 1240 magis·
1099 1173 1133 1223 10

63 1269 123 1330 que
141 1251 289 1328 vertigine
312 1248 439 1328 quadam
462 1256 621 1330 urgentur3
643 1259 747 1327 postea
771 1251 895 1327 spiritus
918 1251 965 1310 via
988 1251 1079 1310 inter·

62 1338 197 1400 cluditur
215 1345 246 1398 ct
268 1336 487 1416 praefocantur.
522 1338 708 1398 Adiuvantur
726 1345 827 1398 autem
849 1344 918 1415 post
936 1339 1079 1397 vomitum

62 1427 99 1488 ab
118 1426 185 1488 oleo
203 1425 251 1487 rel
273 1425 309 1486 ab
329 1443 404 1505 aqua
427 1426 522 1487 mulsa
542 1444 677 1487 cremore
696 1428 830 1506 ptisanae
849 1424 932 1487 caldo
951 1424 1079 1504 largiore

62 1525 197 1596 accepto,
216 1515 268 1576 sed
288 1514 364 1575 bene
383 1522 484 1596 uncto,
506 1517 578 1576 itam
596 1514 673 1576 lacte
692 1532 761 1576 cum
779 1513 866 1576 melle
884 1521 963 1593 poto.
996 1512 1080 1574 Facit

62 1612 92 1666 et
121 1604 216 1665 malva
245 1605 375 1664 discocta
403 1606 522 1664 concisa
549 1603 609 1665 sale
633 1613 663 1665 ct
686 1604 751 1665 oleo
774 1606 937 1683 pipereque
961 1603 1080 1663 condita
1100 1615 1132 1664 15

63 1701 94 1754 et
121 1712 177 1773 pro
206 1692 370 1754 sorbitione
398 1692 466 1753 data
493 1711 548 1772 per
575 1711 607 1753 se
631 1692 677 1754 vel
705 1710 774 1753 cum
801 1693 898 1753 urtica
925 1691 1078 1770 herbaque

62 1781 242 1843 Mercuriali.
278 1781 409 1841 Prosunt
429 1788 459 1841 et
477 1781 652 1842 nucleorum
670 1783 857 1860 persicorum
879 1782 1023 1842 interiora
1042 1798 1077 1840 ex

61 1872 132 1931 vino
155 1873 225 1931 trita
249 1877 338 1949 atque
361 1877 431 1948 pota
454 1888 542 1948 quam
565 1871 708 1952 plurima,
731 1873 803 1931 item
826 1870 914 1931 lixiva
936 1869 1018 1930 calda
1042 1888 1078 1930 ex

63 1961 166 2020 cinere
190 1967 410 2020 sarmentorum
433 1959 517 2020 lacta.

153 2046 314 2108 CLXXXV.
339 2046 535 2107 coriandrum
550 2047 651 2108 datum
666 2056 788 2127 apparet
803 2049 923 2127 quidem
938 2046 974 2108 ab
987 2047 1077 2108 odore
1097 2060 1132 2108 20

62 2138 235 2217 spirationis
253 2137 407 2214 totiusque
427 2138 574 2214 corporis:
598 2136 713 2196 redolet
731 2139 810 2197 enim
830 2144 859 2196 et
877 2136 935 2196 hoc
955 2135 1078 2196 herbam

61 2232 97 2286 ut
124 2225 278 2285 iniectum.
324 2223 510 2302 Intellegitur
538 2232 636 2286 autem
665 2243 701 2284 ex
728 2233 827 2303 gustu.
873 2224 957 2284 Facit
986 2241 1077 2302 porro

61 2316 239 2374 raucitatem
259 2322 290 2374 et
308 2321 439 2374 mentem
458 2321 564 2373 movet.
600 2313 742 2374 ddiuvari
765 2321 865 2374 autem
884 2311 1002 2390 debent,
1026 2313 1078 2390 qui

62 2401 218 2482 biberunt,
245 2401 308 2479 [ex]
334 2404 401 2462 vinc
425 2420 507 2461 mero
532 2401 772 2480 quamplurimo
796 2401 842 2461 vel
865 2419 940 2480 aqua
963 2402 1077 2460 marina

61 2489 109 2551 vel
132 2493 229 2552 muria
253 2490 327 2550 dura
350 2497 433 2571 pota,
455 2492 528 2550 item
547 2492 610 2550 ovis
629 2493 775 2552 anserinis
799 2488 961 2550 sorbilibus
984 2488 1076 2569 pluri·
1096 2501 1130 2550 25

61 2597 144 2640 mum
174 2578 243 2640 salis
271 2578 450 2640 habentibus
474 2579 520 2639 vcl
547 2581 613 2640 iure
636 2579 798 2659 gallinaceo
822 2581 965 2660 agninorc
989 2597 1078 2660 quam

60 2669 259 2747 pinguissimo
284 2675 314 2728 et
337 2668 499 2728 salsissimo
522 2686 577 2746 per
600 2687 632 2729 se
655 2677 734 2748 poto.

153 2754 331 2817 CLXXXVI.
367 2755 492 2835 Leporis
515 2759 622 2817 marini
645 2766 751 2834 gustus
774 2775 835 2818 non
854 2754 996 2817 absimilis
1015 2755 1077 2814 illo-

61 2846 101 2905 tis
120 2844 255 2924 piscibus
274 2853 325 2906 aut
344 2847 434 2906 etiam
456 2844 640 2922 putentibus.
678 2844 736 2914 Qui
760 2851 953 2922 sumpserunt
977 2851 1077 2903 autem

60 2933 216 2994 stomacho
232 2935 390 3013 vesicaque
409 2933 598 3012 adiiciuntur,
616 2933 657 2991 ita
676 2941 709 2992 ut
728 2935 843 2992 urinam
864 2931 982 3009 quidem
1002 2930 1077 2990 dilli-
1096 2941 1131 2989 30

60 3020 160 3083 culter
184 3031 215 3083 et
238 3021 431 3082 cumdolore
459 3022 664 3099 purpureique
693 3019 801 3079 coloris
829 3019 963 3080 reddant.
1011 3017 1076 3078 Sto-

60 3110 169 3171 macho
187 3113 259 3171 itcm
283 3118 365 3171 tento
385 3117 415 3170 et
433 3109 546 3170 dolenti
569 3115 639 3170 sunt
662 3125 825 3186 aversoque
844 3106 880 3167 ab
899 3108 981 3167 omni
1000 3125 1076 3187 esca,

60 3201 224 3279 praecipue
246 3201 339 3278 pisce.
385 3197 535 3259 Nauseant
556 3204 716 3286 praeterea
739 3205 770 3257 et
798 3195 923 3257 subinde
937 3197 1077 3257 ‘reiciunt

135 3427 152 3477 5
175 3424 288 3492 oportet
315 3422 378 3477 add.
402 3421 491 3476 Rbod.
565 3427 580 3474 'l
606 3419 753 3475 cerussam
775 3419 879 3475 Rhoda
904 3435 1017 3474 cerussa
1038 3417 1076 3473 R.

60 3500 96 3549 18
115 3492 205 3548 lixiva
218 3494 246 3549 R
264 3491 363 3547 lixivia
376 3493 475 3548 Aldus.
539 3497 574 3546 20
589 3490 784 3563 coriandrum]
800 3491 835 3559 cf.
848 3491 910 3547 Gal.
926 3488 1000 3557 XIV,
1016 3494 1077 3543 lae.

60 3570 97 3619 24
116 3580 152 3619 ex
170 3565 313 3619 delendum
331 3564 461 3642 violetur.¹
520 3573 604 3631 quam
622 3563 732 3632 scripsi:
752 3570 838 3631 atque
856 3562 893 3618 Β.
