2400 3922
141 114 184 179 96
428 112 537 172 XLVII.
562 112 601 170 Io.
620 110 769 183 Baptistae
787 109 873 168 Titio.

140 273 270 340 Graecis
298 273 438 358 plurima
465 273 645 359 transtulit,
667 278 704 339 ut
727 294 820 339 suam
843 271 969 358 poesin,
991 277 1142 359 tamquam
1179 292 1194 335 ι

139 382 217 427 auro
240 383 428 447 purpuram,
450 363 641 447 illustraret,
665 362 838 449 diligenter
860 361 1017 448 colligere
1044 361 1141 429 oeulis·
1182 384 1194 424 ι

139 470 201 534 que
221 450 374 535 omnium,
392 455 429 515 ut
451 450 600 517 imitandi
616 449 699 515 ratio
723 454 844 535 pateat,
863 449 1022 516 subicere.
1051 454 1143 516 totum
1176 472 1194 533 ιι

139 560 222 623 opus
246 539 308 605 erit
330 539 509 625 egregium3
533 539 589 604 sed
610 539 694 603 hane
717 539 857 604 maxime
880 543 1020 624 partem,
1042 540 1076 604 in
1091 560 1148 624 qua
1191 615 1194 621 ¹

111 649 204 694 anon
227 627 397 693 admodum
415 626 552 691 aliorum
571 627 752 692 elaborauit
769 626 940 711 industria,
963 649 984 691 a
1002 631 1036 692 te
1057 627 1146 692 homi·

138 738 196 782 nes
220 716 336 781 eruditi
359 715 567 779 uehementer
589 719 779 798 exspectant
806 719 841 780 et
863 720 1007 802 augetur
1029 736 1146 801 exspue-

138 805 219 869 tatio
243 803 444 869 sermonibus
462 803 551 867 meis.
588 802 693 879 Quare
712 803 820 888 uelim,
843 803 871 868 si
891 803 972 887 quid
991 826 1053 890 ego
1070 803 1149 888 apud

137 896 170 957 te
193 913 273 977 sum,
296 891 349 956 uel
371 891 491 977 potius,
514 891 542 958 si
564 891 628 956 tibi
650 891 721 975 ipse
745 913 838 957 sarus
861 914 905 977 ea,
929 892 971 955 ad
990 893 1103 958 urbem
1117 896 1148 958 te

137 980 283 1044 conferas
305 979 437 1044 ineunte
465 1001 548 1044 uere.
593 1001 754 1064 nusquam
780 979 921 1045 certiora
949 985 1009 1046 aut
1035 980 1148 1046 maiora
1175 1006 1180 1017 ·

97 1091 122 1131 ιο
136 1067 233 1132 bonis
255 1068 381 1133 artibus
408 1073 485 1133 sunt
512 1068 682 1152 proposita
708 1068 860 1152 praemia.
907 1067 982 1134 aliis
1011 1069 1047 1134 in
1067 1069 1148 1153 loeis,

135 1159 301 1241 tamquam
320 1157 499 1242 peregrina,
513 1157 628 1241 procul
647 1156 823 1240 adspicitur
837 1156 958 1221 uirtus:
976 1157 1033 1222 hie
1046 1157 1147 1223 statim

136 1244 262 1328 colitur,
284 1249 321 1310 ut
344 1245 518 1310 domestica
541 1243 712 1329 complexu
730 1244 901 1329 excipitur,
924 1246 1059 1311 fouetur
1075 1245 1150 1312 sinu

137 1333 209 1416 quis
236 1338 345 1398 autem
372 1333 443 1417 ipse
466 1333 530 1398 sibi
558 1338 626 1397 tam
648 1333 778 1417 iniquus
802 1355 871 1398 esse
894 1333 991 1418 uelit,
1021 1339 1071 1419 ut,
1095 1332 1147 1399 ubi

135 1420 276 1506 aliquem
299 1422 403 1506 possit
426 1426 523 1507 atque
547 1422 625 1487 adeo
644 1422 820 1487 maximum
846 1442 981 1486 suorum
1005 1423 1148 1488 laborum

96 1514 168 1575 sset
195 1510 382 1597 uigiliarum
405 1512 490 1576 fruet
476 1516 546 1576 tum
568 1511 661 1596 ferre
683 1510 731 1574 ibi
753 1532 820 1574 non
842 1513 876 1574 et
899 1510 1010 1575 sedem
1035 1530 1145 1595 ponere

136 1604 169 1664 et
187 1605 379 1684 perpetuam
397 1600 446 1665 uit
447 1622 498 1665 am
517 1600 631 1665 dueere
650 1599 792 1663 animum
809 1597 942 1663 inducat
948 1600 965 1663 ‘l
928 1598 1147 1683 tExempla

135 1711 176 1752 ne
188 1711 357 1839 quaeras3
388 1689 529 1788 undique
556 1688 642 1752 enim
668 1690 847 1770 suppetunt
833 1686 998 1752 t.Haee
1027 1691 1145 1753 tantum

135 1775 249 1859 seripsi
272 1781 347 1858 rapt
348 1777 392 1839 im
415 1777 450 1840 in
472 1775 599 1860 magnis
621 1775 777 1858 temporis
800 1737 976 1860 angustiis,
1000 1781 1039 1841 ιιι
1061 1774 1145 1841 intel·

134 1861 251 1945 ligeres
279 1884 330 1926 me
354 1885 422 1927 esse
449 1885 623 1927 memorem
651 1863 810 1928 amieitiae
839 1867 970 1927 nostrae
1001 1868 1049 1949 et,
1079 1885 1144 1930 oum

94 1971 121 2012 ao
135 1948 271 2012 assiduis
304 1949 459 2049 distinear
488 1950 586 2032 euris,
617 1951 656 2014 de
685 1952 795 2016 tuist
796 1973 890 2015 amen
917 1915 1145 2017 eommddiset

135 2037 331 2103 ornamentis
346 2038 496 2125 cogitare.
523 2000 612 2103 Vale
626 2038 758 2124 Romae,
776 2039 885 2104 idibus
902 2039 989 2106 Nou.
1003 2037 1145 2106 MllerI.

532 2270 745 2278 ———-—--—-—

570 2461 698 2526 XLVII.

194 2598 329 2663 Ioanni
351 2599 554 2683 Baptistae
577 2600 680 2664 Tit'tro
704 2601 879 2667 Florent
850 2607 943 2667 tram
965 2613 1030 2690 (VI,
1046 2615 1082 2683 8).

221 2740 300 2805 Cum
325 2738 402 2824 quid
424 2760 537 2825 ageres
556 2740 739 2843 ignorarem
761 2766 821 2808 nee
843 2743 921 2845 iam,
945 2744 1017 2810 ut
1007 2767 1144 2833 ingenue

91 2851 117 2893 ss
131 2831 287 2913 fatear,t
288 2828 321 2893 ui
273 2827 538 2894 tdeeiderium
566 2831 645 2897 satis
667 2834 798 2918 ferrem,
828 2832 950 2917 quippe
979 2837 1037 2899 tua
1065 2834 1143 2900 mihi

131 2919 282 3002 suauitas,
304 2916 424 2982 tuum
415 2919 590 3005 mgenium,
609 2925 683 2986 tuae
702 2923 741 2987 lit
727 2927 829 2987 tterae
849 2942 945 3004 saepe
965 2927 1144 3005 occurrunt,

130 3030 237 3073 amore
261 3027 332 3071 sum
355 3005 528 3091 impulsus,
555 3014 592 3074 ut
614 3010 724 3076 haee
715 3034 750 3075 m
776 3010 903 3096 magnis
927 3011 1144 3094 occupationi·

130 3096 192 3160 bus
215 3094 256 3160 ad
278 3093 515 3160 teseriberem
561 3097 650 3163 Etu
651 3098 794 3163 tordiar
817 3121 836 3162 a
859 3099 957 3162 rebus
979 3098 1143 3183 Romanis,

128 3181 162 3245 id
185 3183 327 3284 primum
351 3205 522 3271 eognosee,
550 3185 725 3335 tranquilla
747 3185 800 3249 hie
823 3207 892 3250 esse
917 3187 1041 3288 omniaz
1061 3149 1144 3252 nihil

88 3291 116 3331 so
128 3271 309 3335 tturbuleni
314 3272 432 3356 ,nihil
460 3275 594 3375 aduersi
640 3273 754 3337 ciuitas
783 3278 861 3356 quot
847 3274 926 3337 tidie
953 3276 1060 3376 magis
1083 3277 1144 3340 hoe

127 3356 213 3422 Pont
214 3359 284 3423 ifiee
299 3361 518 3427 reuiuiseits
509 3366 556 3427 ιιι
573 3382 639 3425 non
656 3359 781 3424 modo
773 3382 842 3443 ipse
862 3362 1019 3426 excellit
1010 3387 1061 3428 rus
1062 3364 1194 3446 titia·

127 3446 216 3531 pieta
216 3451 262 3534 te,
290 3448 480 3515 beneficent
456 3454 514 3535 ιιι
542 3470 654 3513 uerum
681 3447 778 3512 etiam
802 3471 876 3514 suos
900 3472 1026 3538 omnes,
1055 3473 1143 3539 egre
1191 3484 1194 3501 =
