2430 3922
157 161 220 226 128
333 160 402 217 LXI.
430 159 618 230 Magdalenee
638 163 667 215 et
685 160 830 220 Leonorae
848 157 991 216 Austriae.

622 409 704 476 LXl.

275 572 349 637 Pro
379 571 557 658 Collegio
586 570 866 637 Canonicorum
892 568 922 635 S.
945 569 1053 634 Petri

159 679 189 746 S.
217 679 255 744 R.
283 678 535 765 Magdalenae
566 681 603 741 et
630 677 824 742 Leonorae
854 674 1039 783 Austriae
1071 699 1173 741 soro-

451 784 561 848 ribus
584 781 732 867 Spiram
756 791 813 862 (IX,
832 792 883 859 17).
972 876 976 881 ι

134 964 147 1004 ⁵
248 944 336 1009 Bene
369 941 486 1028 agendi
518 941 602 1007 ratio
639 941 778 1006 maxime
811 941 946 1007 discitur
978 963 1092 1007 eorum
1124 963 1174 1008 ex·

161 1032 283 1117 emplo,
312 1053 449 1117 quorum
476 1030 620 1096 actiones
647 1030 775 1117 generis
801 1031 958 1096 nobilitas
985 1035 1042 1095 aut
1071 1030 1174 1116 splen·

161 1122 220 1188 dor
249 1121 419 1207 dignitatis
450 1120 599 1185 illustrat.
652 1123 826 1204 propterea
862 1141 968 1204 neque
997 1119 1175 1204 optabilius

161 1209 338 1294 quidquam
370 1213 432 1293 est,
470 1231 566 1293 quam
603 1212 640 1273 ut
673 1231 766 1295 reges
798 1207 1028 1292 principesque
1060 1207 1175 1292 reliqui

161 1299 203 1363 ad
243 1298 419 1363 emendam
454 1298 671 1382 tuendamque
709 1296 829 1362 Christi
856 1297 1046 1381 ecclesiam,
1093 1296 1176 1361 unde

122 1405 149 1445 10
162 1409 239 1453 uera
271 1386 359 1452 salus
391 1388 602 1470 aeternaeque
635 1386 722 1450 uitae
758 1385 896 1451 felicitas
929 1389 1072 1470 emanat,
1104 1406 1175 1451 suas

163 1499 275 1541 omnes
298 1498 404 1561 curas,
437 1475 544 1539 omnia
567 1474 674 1539 studia
702 1474 881 1558 conferant3
914 1495 1018 1558 neque
1046 1496 1108 1539 nos
1137 1496 1176 1538 ex

163 1564 230 1629 ulla
253 1587 287 1629 re
301 1565 466 1632 maiorem
489 1586 603 1648 capere
626 1563 785 1628 laetitiam
808 1563 988 1646 potuimus,
1016 1584 1116 1647 quam
1138 1585 1176 1627 ex

162 1654 205 1719 M.
224 1652 264 1719 V.
291 1675 453 1738 propensa
483 1653 523 1717 ad
553 1652 676 1717 cultum
703 1674 740 1716 ac
770 1651 1011 1716 uenerationem
1037 1650 1177 1736 Aposto

163 1742 270 1807 lorum
301 1741 483 1826 uoluntate,
519 1744 614 1807 111111
650 1741 780 1825 quidem
820 1740 917 1805 nobis
953 1739 1087 1805 minime
1125 1740 1176 1804 du·

123 1849 150 1889 11
163 1831 219 1895 bio
252 1830 430 1894 multorum
467 1851 627 1912 sermone,
662 1851 748 1895 nunc
782 1831 891 1893 autem
923 1829 1044 1915 insigni
1078 1829 1159 1894 uest‘

162 1940 278 1983 aureae
301 1940 433 1983 munere
458 1917 626 1982 declarata.
667 1918 713 1982 111
732 1940 927 2003 quamquam
946 1940 1022 1983 suae
1047 1917 1178 2002 pietatis

162 2011 404 2092 perpetuaeque
436 2006 638 2072 innocentiae
672 2030 690 2070 a
719 2007 788 2071 Deo
823 2011 890 2091 opt.
919 2007 1004 2071 Max.
1036 2007 1179 2072 fructum

163 2095 257 2160 illum
294 2095 437 2179 capient,
475 2117 539 2180 quo
575 2095 659 2160 nihil
695 2099 806 2180 potest
844 2118 914 2160 esse
929 2163 932 2168 ,
950 2096 1179 2179 praestantius,

163 2189 273 2248 tamen
304 2206 364 2249 nos
398 2207 539 2269 quoquc,
573 2207 614 2249 ne
647 2188 756 2269 partes
787 2189 917 2250 nostrae
949 2185 1180 2270 desiderentur,

124 2274 307 2358 aprinum
329 2274 452 2360 gratias
476 2274 522 2338 eis
546 2274 584 2338 de
611 2273 675 2338 ista
701 2274 899 2338 liberalitate
921 2273 1048 2358 istaque
1072 2279 1180 2339 mente

165 2383 261 2446 quam
290 2361 368 2427 licet
394 2363 552 2428 maximas
582 2366 615 2426 et
644 2362 771 2450 agimus
802 2367 835 2427 et
862 2363 1033 2447 habemus3
1067 2363 1179 2428 deinde

163 2452 233 2514 fore
266 2451 470 2536 pollicemur,
502 2456 540 2515 ut
572 2454 679 2516 exstet
709 2451 759 2516 sui
788 2452 931 2516 muneris
960 2452 1119 2516 memoria
1148 2452 1181 2516 in

164 2560 266 2603 annos
301 2539 459 2621 plurimos
491 2540 526 2602 in
542 2561 576 2604 er
608 2544 797 2604 ornamenta
833 2539 961 2625 templi,
998 2540 1033 2605 in
1065 2539 1181 2605 animis

165 2647 242 2691 uero
271 2627 392 2692 nostris
421 2649 598 2712 numquam
628 2629 863 2715 exstinguatur.
912 2627 1048 2694 Interim
1081 2629 1181 2714 preci·

126 2731 153 2773 11
165 2715 228 2779 bus
259 2716 423 2801 omnibus,
453 2722 490 2781 ut
513 2717 555 2782 M.
577 2716 617 2782 V.
648 2721 807 2802 perpetuo
836 2718 918 2782 bene
947 2717 1004 2800 sit,
1035 2739 1180 2803 quaeque

166 2807 295 2890 optant,
324 2805 461 2870 feliciter
489 2828 708 2890 prospereque
737 2806 901 2890 eueniant,
928 2828 947 2870 a
970 2807 1102 2870 caelesti
1125 2829 1181 2872 nu-

166 2893 252 2958 mine
276 2897 432 2979 petemus.
478 2894 614 2978 Romae,
636 2894 737 2960 XVII.
760 2896 831 2960 Kal.
855 2894 920 2960 lan.
944 2893 1124 2961 MDLXIX.

568 3199 781 3206 ——·--—--——-
