2400 3922
526 169 742 249 ..gg-

125 333 261 412 deposito
275 333 351 394 visci
369 333 406 394 de
421 350 536 411 quercu
554 331 624 392 lecti
642 331 741 411 pondo
756 332 916 411 quadrans.
946 333 1012 396 lloc
1032 353 1146 416 semper

124 422 220 482 habeo
244 424 451 501 compositum.

168 506 173 519 '
216 510 323 572 CCXV.
365 509 565 590 Emplastrum
593 508 707 569 luteum
736 507 885 588 Euelpisti
912 510 1052 592 chirurgi
1080 513 1147 575 iacit

126 600 163 661 ad
186 609 289 661 tenera
312 617 439 678 corpora
462 597 653 659 mediocriter
675 597 754 658 laesa
777 605 809 659 et
831 598 947 680 abrasa,
973 619 1051 680 quae
1075 597 1146 666 dno-

90 685 258 768 bodppow
281 687 387 749 Graeci
410 687 527 748 dicunt:
556 685 684 765 Spumae
712 696 871 766 argenteae
897 689 1000 767 pondo
1030 691 1146 774 selibra,

126 777 185 838 olei
211 777 329 837 hemina
361 783 546 857 coquuntur,
577 775 648 836 dum
680 785 799 856 coeant3
832 775 942 837 deinde
975 778 1146 842 adiciuntur

127 884 213 927 cerae
236 865 335 944 pondo
360 865 429 944 duo,
448 865 565 924 resinae
587 865 721 943 pituinae
744 864 844 943 pondo
869 864 938 927 dno.

215 952 335 1014 CCXVI.
381 950 592 1032 Emplastrum,
616 952 694 1031 quod
719 955 814 1031 aperit
838 961 869 1014 et
892 954 996 1016 educit
1019 975 1079 1036 pus
1103 959 1146 1019 vel

126 1040 245 1119 siquid
274 1039 351 1100 aliud
381 1038 498 1121 subest3
528 1035 737 1103 ἐπισπαστικὸν
764 1041 892 1104 dicitur:
924 1042 1018 1105 Cerae
1048 1047 1144 1125 pondo

73 1143 107 1192 10
125 1128 208 1209 libra,
232 1130 348 1189 resinae
372 1128 591 1189 terebinthinae
609 1129 709 1208 pondo
731 1129 815 1209 libra,
839 1133 912 1191 nitri
935 1132 1024 1195 rubri
1048 1136 1144 1213 pondo

124 1217 207 1279 libra.
254 1215 317 1278 Hoc
345 1219 454 1278 teritur
482 1236 518 1277 er
551 1219 653 1278 cinere
681 1218 781 1299 lixiva,
815 1218 911 1280 donec
938 1219 1005 1282 leve
1034 1224 1145 1285 iactum

124 1306 232 1368 habeat
254 1305 351 1367 mellis
374 1305 612 1387 spissitudinem3
640 1314 744 1385 postea
772 1325 862 1386 supra
890 1308 970 1369 dicta
994 1329 1066 1372 cnm
1089 1311 1144 1372 0101

125 1395 239 1476 cyathis
272 1414 323 1456 sex
355 1395 514 1474 liquefiunt
545 1395 582 1455 ad
614 1396 730 1476 ignem,
762 1395 872 1476 quibus
905 1397 1037 1459 adicitur
1071 1402 1143 1461 turis

124 1485 243 1563 pollinis
273 1483 381 1544 selibra
409 1492 439 1545 et
468 1485 522 1563 ita,
552 1501 627 1562 quae
659 1485 692 1544 in
724 1483 851 1546 caccabo
883 1494 969 1566 sunt,
1002 1492 1142 1550 mortario

71 1582 105 1632 10
124 1572 384 1651 superfunduntur
407 1580 437 1633 et
459 1573 701 1633 commiscentur.

215 1660 349 1723 CCXVII.
395 1659 596 1738 Emplastrum
629 1659 729 1721 album
761 1679 798 1721 ex
830 1661 891 1722 sale
922 1696 959 1706 -
994 1659 1035 1725 δι’
1066 1660 1143 1728 dicio

125 1749 230 1810 Graeci
258 1750 362 1810 dicunt
387 1749 520 1809 -facit
546 1749 583 1808 ad
611 1766 729 1809 omnem
758 1750 899 1810 duritiem
932 1762 963 1813 et
994 1753 1142 1816 diutinum

123 1838 257 1897 dolorem
281 1847 311 1898 et
334 1837 417 1897 ducit
444 1837 584 1917 sudores,
611 1837 690 1897 idem
717 1838 820 1898 ulcera
848 1847 949 1901 vetera
977 1849 1009 1902 et
1036 1843 1143 1904 callosa

123 1933 246 1986 renovat
269 1934 300 1985 et
322 1924 438 1985 lucilius
461 1925 527 1985 aliis
551 1924 787 2006 medicamentis,
817 1945 892 2006 qnae
920 1929 978 1990 hoc
1002 1930 1142 2009 pollicen-

70 2027 105 2077 20
124 2025 187 2094 tur,
211 2015 290 2092 cogit
313 2015 481 2074 cicatricem
506 2014 629 2074 ducere:
658 2013 733 2075 Salis
756 2017 877 2095 marini,
905 2035 1062 2100 cerussae,
1087 2021 1143 2082 olei

124 2106 233 2164 veteris
256 2105 338 2182 paria
361 2101 501 2181 pondera.
544 2102 688 2181 Coquitur
708 2121 776 2163 cnm
800 2104 864 2164 oleo
890 2123 1022 2190 cerussa,
1046 2108 1142 2171 donec

125 2202 238 2273 coeant,
262 2200 292 2253 et
315 2199 417 2271 postea
442 2191 483 2252 sal
507 2191 697 2253 admiscetur.

214 2280 360 2341 cuxvnl.
406 2280 607 2359 Emplastrum
636 2280 715 2341 aliud
743 2300 779 2341 ex
807 2281 866 2342 sale
895 2286 1018 2362 nigrum
1045 2288 1141 2348 effica-

124 2372 202 2449 cius,
226 2371 304 2430 idem
329 2370 364 2430 ad
389 2371 486 2429 omnia
509 2370 592 2448 iacit3
621 2369 672 2429 sed
696 2372 804 2449 recipit
831 2371 1020 2450 singulorum
1042 2377 1140 2455 pondo

71 2470 105 2518 25
123 2456 229 2516 libram
254 2457 398 2536 similiter,
422 2456 479 2516 olei
503 2463 602 2516 autem
626 2460 736 2519 veteris
761 2459 868 2538 triplex
892 2460 1031 2524 adicitur.

214 2542 374 2605 CCXVllll.
420 2543 622 2621 Emplastrum
650 2545 750 2606 album
777 2547 813 2607 ad
837 2548 992 2610 combusta
1017 2559 1048 2612 et
1074 2570 1140 2630 per·

123 2633 241 2692 01000οε
265 2631 409 2692 Cerussae
429 2630 527 2710 pondo
550 2630 666 2712 libram,
689 2633 746 2693 olei
769 2639 879 2697 murtei
901 2637 1001 2716 pondo
1025 2640 1140 2721 libram,

124 2739 246 2801 spumae
284 2727 441 2799 argenteae
475 2738 503 2799 p.
532 2719 557 2780 11
586 2719 708 2802 XXllll,
742 2740 828 2785 cerae
864 2724 1004 2787 Ponticae
1042 2729 1140 2808 pondo

124 2810 237 2872 libram.
285 2810 413 2872 Cerussa
436 2818 467 2871 et
491 2829 595 2890 spuma
618 2820 758 2889 argentea
781 2824 953 2892 coquuntur
976 2834 1047 2876 cum
1065 2817 1141 2898 oleo,

69 2912 103 2961 00
124 2900 218 2962 donec
243 2908 361 2982 coeant3
384 2909 487 2981 postea
507 2899 638 2965 adicitur
662 2919 738 2961 cera.

213 2989 322 3050 CCXX.
364 2989 566 3070 Emplastrum
589 2989 688 3050 album
712 2989 810 3050 Paccii
833 2992 985 3072 Antiochi,
1012 3012 1072 3072 qno
1096 2996 1140 3055 uti

122 3085 253 3157 oportet,
287 3096 355 3138 cum
386 3080 419 3138 in
450 3079 586 3138 mammis
620 3073 778 3136 mulierum
811 3078 904 3140 aliove
936 3084 1042 3159 quovis
1074 3082 1140 3142 loco

121 3163 232 3223 duritia
255 3166 360 3246 inerit,
389 3184 463 3244 quae
488 3164 524 3225 ad
548 3180 634 3224 omne
659 3163 907 3228 medicamentum
936 3179 1141 3253 exasperatur,

123 3267 211 3327 quam
236 3251 341 3313 Graeci
364 3255 536 3332 καρκίνωμα
554 3257 605 3311 001
623 3253 773 3328 κακοῆθες
792 3265 905 3316 vocant.
947 3256 1031 3320 Facit
1050 3261 1140 3320 etiam

193 3459 227 3508 22
246 3457 328 3510 coeat
347 3456 510 3525 Stephanus.
589 3460 622 3510 31
646 3454 761 3511 Pacohii
780 3459 816 3516 R.
893 3462 1034 3519 34011οι0
1058 3466 1140 3522 Boet-

120 3529 205 3596 110000
225 3526 319 3580 eutem
337 3525 373 3581 R.
