2430 3922
486 149 702 214 ..39-

82 329 197 392 murra,
215 317 274 392 tus,
293 310 402 389 quibus
421 313 565 371 miscetur
579 313 680 391 opium
699 312 796 391 pridie
811 331 887 392 aqua
905 323 1101 396 maceratum,

82 399 213 462 subinde
232 417 325 478 aquae
345 401 484 479 exiguum
504 399 639 481 adicitur,
659 400 753 461 donec
768 401 839 480 fingi
857 401 967 479 pastilli
984 406 1102 482 possint

80 489 217 570 pondere
250 489 411 569 victoriati,
448 487 498 549 alii
534 490 623 549 tertia
659 488 749 550 huius
784 489 926 569 ponderis
959 490 1100 553 detracta.

81 578 200 640 Dantur
213 579 244 638 in
259 584 377 638 noctem
392 595 428 638 ex
443 594 536 655 aquae
551 577 665 657 cyathis
679 577 787 640 tribus.
821 577 963 640 Somnum
977 579 1099 660 faciunt,

81 666 219 728 dolorem
246 665 364 748 sedant,
391 673 425 726 ut
453 667 593 744 superius
618 665 687 727 dixi.
729 665 854 745 Oportet
882 675 981 728 autem
1005 686 1040 729 ex
1064 683 1135 733 eoo

82 757 174 817 etiam
206 755 352 833 catapotia
384 753 497 814 lacere:
530 754 649 833 quidam
682 756 762 815 enim
795 754 909 816 lacilius
943 774 977 817 ea
1010 774 1099 836 quam

82 845 237 923 potionem
261 849 395 922 sumunt,
418 860 523 903 verum
546 861 606 903 non
629 842 756 904 multum
779 845 912 905 interest.

172 928 330 991 Lxxxxt
366 929 410 990 Ad
434 930 538 991 eadem
561 933 715 992 remissior
734 933 855 1011 quidem
876 931 1021 1013 pastillus,
1046 932 1098 993 sed

80 1037 142 1080 non
166 1017 416 1080 contemnendus:
445 1017 546 1101 Croci,
574 1037 707 1101 murrae,
735 1020 851 1102 alterni,
879 1023 940 1101 opii
966 1021 1099 1101 pondera

79 1110 164 1188 paria
198 1117 322 1168 contusa
355 1108 520 1168 miscentur
553 1106 727 1186 despumato
760 1109 857 1170 Attico
890 1109 990 1190 melle,
1023 1111 1098 1170 fiunt
1118 1126 1153 1176 10

78 1194 194 1276 pastilli
217 1194 351 1256 eiusdem
373 1194 524 1274 ponderis.
566 1195 681 1257 llantur
704 1197 740 1257 ad
764 1205 889 1258 aetatem
913 1206 943 1258 et
965 1201 1044 1258 vires
1068 1201 1098 1259 in

80 1292 210 1347 noctem.
256 1283 340 1345 Licet
367 1292 397 1344 et
418 1284 494 1345 hinc
522 1286 670 1365 catapotia
697 1285 795 1345 facere
822 1294 946 1364 propter
974 1287 1098 1346 eandem

80 1391 216 1454 causam,
240 1371 292 1432 sed
316 1380 388 1434 tunc
412 1391 501 1453 aqua,
525 1391 585 1434 non
608 1373 666 1434 mel
690 1373 826 1434 adicitur.

171 1460 340 1523 LXXXXIL
371 1460 510 1522 Pastillus
525 1461 561 1522 ad
576 1464 682 1523 tussim
698 1471 727 1522 et
746 1463 920 1540 sanguinem
939 1463 1098 1523 reicientcs

79 1560 110 1612 et
135 1550 322 1612 stomachum
350 1549 481 1611 solutum
507 1549 665 1632 habentes,
693 1550 764 1611 facit
787 1560 816 1610 et
840 1548 876 1610 ad
900 1548 1097 1611 deiectionem
1117 1566 1151 1617 15

79 1648 111 1701 et
134 1641 251 1700 vesicae
274 1637 420 1700 dolorem:
443 1640 512 1718 Apii
535 1641 657 1700 seminis
679 1657 707 1718 p.
727 1638 753 1699 li
773 1638 823 1719 Vl,
848 1637 951 1699 alterci
974 1640 1097 1699 seminis

78 1747 108 1808 p.
130 1726 157 1787 Χ
181 1726 248 1807 llll,
276 1726 377 1788 anethi
399 1745 428 1806 p.
447 1726 473 1786 ‘n'
496 1726 564 1806 llll,
592 1729 653 1806 opii
675 1745 703 1806 p.
724 1727 749 1786 li
773 1725 823 1808 Vl,
847 1728 929 1787 croci
951 1745 979 1806 p.
1000 1725 1025 1786 ll
1048 1725 1097 1809 Ill,

79 1834 168 1877 rosae
195 1815 335 1876 foliorum
363 1816 562 1876 arefactorum
589 1817 621 1876 in
649 1815 753 1876 umbra
780 1833 809 1894 p.
834 1814 859 1875 li
883 1813 950 1897 XII,
977 1832 1097 1876 murrae

78 1923 108 1984 p.
129 1903 156 1964 Χ
179 1903 242 1964 Xll.
279 1903 398 1965 Semina
422 1912 452 1965 et
471 1922 592 1964 crocum
612 1912 642 1964 et
665 1904 733 1964 lolia
756 1922 841 1966 rosae
861 1903 1096 1986 contunduntur,

80 1991 263 2074 cribrantur,
290 2011 391 2054 murra
419 1995 537 2073 teritur,
565 1995 667 2072 opium
694 2011 769 2071 aqua
793 2001 969 2074 maceratur,
998 1995 1096 2053 omnia
1114 2010 1151 2058 20

78 2084 112 2142 in
141 2099 235 2142 unum
263 2082 436 2161 miscentur,
464 2099 540 2160 aqua
568 2081 681 2142 adiecta
709 2081 785 2142 liunt
813 2082 923 2161 pastilli
948 2082 1097 2142 victoriati

77 2168 223 2250 pondere,
246 2169 296 2230 alii
318 2172 406 2230 tertia
429 2176 514 2248 parte
536 2169 676 2230 detracta.
713 2168 827 2230 llantur
849 2171 885 2230 ad
910 2168 1096 2230 stomachum

77 2257 253 2319 inbecillum
288 2257 432 2318 habentes
465 2265 496 2319 ct
528 2260 703 2336 sanguinem
740 2259 899 2318 reicientes
934 2275 970 2316 ex
1003 2274 1096 2335 aquae

77 2347 204 2427 frigidae
229 2345 341 2426 cyathis
364 2346 491 2428 duobus,
515 2349 624 2408 ceteris
645 2365 681 2406 ex
700 2345 811 2406 calidae
830 2345 954 2408 totidem
973 2344 1096 2423 cyathis.

168 2433 353 2496 LXXlllllll.
394 2435 534 2498 Pastillus
557 2453 593 2495 ex
617 2433 759 2495 odoribus
781 2432 858 2495 bene
881 2435 953 2495 facit
975 2432 1012 2494 ad
1035 2451 1095 2493 om·
1115 2450 1150 2500 25

77 2543 149 2586 nem
168 2523 310 2605 dolorem,
329 2525 450 2603 proprie
468 2533 568 2586 autem
586 2522 623 2584 ad
642 2526 757 2602 tussim,
776 2525 847 2583 item
866 2519 945 2603 <ad>
965 2523 1095 2603 pectoris

76 2612 309 2674 destillationem
328 2620 359 2673 et
377 2613 532 2673 oculorum
550 2611 717 2694 epiphoras,
741 2613 810 2673 lacit
829 2620 859 2672 et
877 2612 912 2672 ad
933 2613 1096 2692 suspirium

77 2709 110 2762 et
133 2701 170 2762 ad
196 2701 299 2761 lateris
322 2699 454 2763 dolorem
479 2708 509 2761 et
531 2700 568 2761 ad
595 2700 762 2780 phthisicos
785 2708 815 2762 et
838 2703 935 2762 vesica
959 2699 1096 2761 renibus·

78 2808 139 2869 quc
166 2787 337 2852 laborantes
360 2790 406 2850 vel
433 2791 608 2868 sanguinem
636 2789 672 2849 ad
699 2791 814 2850 urinam
842 2787 1002 2848 reddentes
1026 2805 1096 2848 cnm

77 2877 196 2939 dolore:
220 2876 331 2959 Casiae,
350 2880 487 2958 cinnami,
511 2880 601 2958 croci,
625 2876 808 2954 singulorum
828 2895 856 2955 p.
872 2875 897 2935 X
915 2875 965 2956 lll,
989 2874 1092 2936 alterci
1112 2896 1148 2945 30

77 2968 216 3046 seminis,
243 2965 420 3045 Apollinaris
443 2964 553 3026 herbae
577 2965 700 3045 radiciS,
724 2963 908 3043 singulorum
932 2982 960 3042 p.
979 2963 1006 3023 X
1028 2963 1093 3044 llll,

150 3160 228 3223 3p0.
248 3151 275 3207 Ξ
297 3153 440 3208 victoriati
462 3153 504 3221 R,
528 3151 554 3207 Ξ
577 3153 662 3207 delevi
685 3156 710 3206 et
732 3152 856 3222 pondere
878 3153 986 3220 scripsi.
1061 3157 1094 3205 10

77 3223 159 3280 molli
179 3225 223 3278 M.
298 3223 746 3280 11atviresM2eiustres1t.
821 3229 855 3278 14
873 3225 903 3278 ct
921 3222 959 3277 ed
978 3238 1054 3292 sang.
1072 3240 1094 3276 r.

75 3296 105 3352 et
130 3295 168 3350 ad
192 3296 274 3350 stom.
293 3295 335 3348 M.
410 3295 523 3362 rcapti
547 3292 661 3348 seminis
680 3294 728 3363 M:
753 3293 813 3363 apii
836 3309 931 3349 semen
949 3293 986 3348 R.
1059 3298 1094 3347 22

75 3364 202 3436 pondere
215 3366 327 3434 scripsi:
347 3372 389 3434 p0.
404 3366 441 3420 R.
501 3365 550 3418 alii
568 3365 681 3435 scripsi:
700 3364 763 3419 aliis
778 3365 814 3421 R.
875 3371 908 3420 23
923 3362 1094 3418 imbicillum

75 3439 137 3506 (cic)
156 3436 197 3491 L:
220 3434 393 3490 imbecillem
412 3437 448 3491 R.
521 3451 612 3505 aquae
630 3434 750 3504 frigidae
770 3435 816 3489 M:
841 3451 916 3505 aqna
933 3434 1037 3506 frigida
1056 3435 1093 3490 R.

75 3512 112 3562 24
132 3507 242 3564 calidae
261 3507 307 3562 M:
328 3505 423 3561 calida
439 3508 476 3562 R.
541 3511 575 3562 26
594 3506 630 3560 ad
649 3507 755 3562 addidi.
825 3512 858 3560 31
879 3504 1038 3576 apolenaris
1056 3506 1093 3561 L.
