2430 3922
376 164 408 218 x.
429 163 566 220 sinemo
586 162 809 221 aldobrandino.
1059 139 1102 230 ιι

35 381 39 387 .
79 326 171 412 facit,
193 330 232 390 ut
255 325 404 390 etiamsi
427 325 508 389 mihi
536 325 639 390 otium
662 326 844 412 contingat,
872 328 959 411 quod
981 350 1057 392 sane
1081 351 1100 393 a

76 415 224 480 discessu
243 418 300 479 tuo
318 413 445 478 nullum
459 413 607 500 contigit,
625 414 751 478 litteras
769 419 879 479 tamen
892 415 933 479 ad
946 420 979 481 te
993 417 1100 482 minus

77 524 178 588 saepe
201 502 339 568 mittam.
375 523 461 566 nunc
478 502 526 567 rei
544 502 734 589 magnitudo
753 502 839 589 fecit,
858 508 895 567 ut
913 505 948 569 in
966 505 1100 571 summis

79 591 354 676 occupationibus
376 591 455 656 haec
478 595 588 655 tamen
611 609 784 656 exararem.
834 590 1014 658 Antonium
1037 594 1099 659 fra·

78 686 166 745 trem
184 680 231 745 sia
255 702 337 764 amo,
360 683 397 743 ιιι
416 680 528 744 debeo.
565 680 622 744 sed
648 679 734 744 ιιιιιι
760 680 877 745 fratres
900 681 1006 764 pietas
1029 704 1098 747 esse
1126 712 1140 752 ι

80 769 181 852 solet,
205 768 350 833 suauitas
366 790 434 832 non
456 768 547 833 solet.
589 769 627 832 de
650 768 747 833 nobis
769 768 831 833 hoc
853 791 894 834 ne
918 770 1098 835 credideris,

76 879 292 922 amamusm
257 857 343 921 inter
371 877 498 943 nos,u
498 858 665 941 tfratres,
695 856 851 943 uiuimus,
880 862 917 922 ut
940 859 1098 942 aequales.

79 946 193 1030 itaque
220 965 287 1010 non
317 929 411 1010 facile
446 945 596 1032 dixerim,
628 949 701 1010 uter
732 946 799 1010 utri
831 946 874 1011 sit
906 946 1010 1011 carior
1043 950 1098 1010 aut

79 1033 264 1118 iucundior;
291 1033 355 1098 nisi
377 1033 499 1098 forte
489 1056 524 1097 m
547 1034 609 1099 hoc
632 1033 738 1099 officio
762 1034 834 1099 ideo
861 1035 916 1099 ille
939 1057 991 1099 me
1013 1035 1099 1099 uide-

77 1128 135 1188 tur
157 1123 297 1207 uincere,
319 1123 406 1206 quod
429 1144 448 1186 a
470 1144 532 1206 me,
555 1123 610 1206 qui
634 1145 706 1187 sum
723 1127 803 1187 natu
820 1123 935 1209 minor,
958 1123 1045 1188 uinci
1064 1145 1098 1188 se
1113 1152 1140 1193 ro

79 1233 150 1276 ιιοιι
172 1211 306 1295 patitur.
352 1210 438 1274 huno
465 1210 529 1275 tibi
556 1233 622 1275 ιιοιι
649 1216 730 1295 puto
758 1233 841 1295 opus
863 1234 932 1277 esse
955 1217 993 1277 ut
1015 1233 1099 1276 eom-

78 1299 239 1385 mendem,
262 1299 319 1363 sed
341 1299 528 1364 commendo
552 1304 662 1364 tamen
685 1320 786 1383 eoque
814 1299 935 1386 studio,
959 1322 1023 1384 quo
1046 1323 1098 1365 me

78 1387 241 1474 intelligis
264 1391 297 1452 et
319 1387 454 1452 fratrem
477 1393 510 1452 ιι
527 1387 627 1452 talem
644 1388 778 1453 fratrem
800 1388 917 1453 debere
940 1409 1098 1453 commen-

78 1477 166 1540 dare,
212 1475 342 1562 accidit,
368 1481 407 1541 ut
434 1498 508 1540 eum
535 1476 570 1540 in
596 1475 729 1563 negotio
757 1498 815 1542 suo
842 1481 899 1540 tua
920 1476 1098 1561 plurimum

77 1564 318 1718 {315}thss
337 1565 1139 1719 aarremarensistas²⁵

78 1742 257 1828 diligenter
284 1746 434 1843 exponet,
481 1764 561 1826 quae
589 1742 616 1808 si
643 1742 707 1806 tibi
733 1741 889 1825 probabit
890 1763 941 1828 ur,
973 1746 1051 1826 peto
1079 1764 1097 1806 a

77 1836 122 1916 te,
145 1835 183 1894 ut
205 1830 400 1914 aequissima
422 1830 457 1894 ιιι
484 1853 518 1895 ιι
541 1830 606 1896 frat
592 1835 675 1896 trem
697 1853 804 1895 meum
831 1830 933 1896 ιιιιι
903 1831 1097 1896 studiosissi-

77 1941 169 1984 mum
188 1919 347 1983 auctorita
348 1923 381 1983 ιι
398 1923 465 2004 tua,
487 1941 569 2021 quae
588 1919 827 2006 apud
693 1919 816 1984 omneis
835 1920 938 1986 bonos
956 1919 1097 1984 maxima
1127 1925 1144 1958 '

76 2014 144 2093 est,
175 2006 394 2072 adiuuandum
425 2008 591 2091 suscipias.
643 2007 733 2072 Vale.
707 1988 910 2074 Venetiis
939 2008 993 2074 IX.
1024 2009 1095 2073 Kal.
1110 1977 1146 2076 ιι

76 2096 167 2161 Sext.
192 2096 249 2180 [an
207 2098 426 2160 anteannum
448 2095 642 2181 MDXLNJ.

482 2328 693 2336 ---————-

570 2519 608 2584 X.

258 2660 451 2727 Siluestro
474 2660 766 2726 Aldobrandino
791 2667 849 2738 (IV,
864 2670 916 2736 ιι).

166 2803 206 2868 In
224 2804 266 2867 iis
279 2802 407 2888 litteris,
427 2825 508 2886 quas
526 2803 566 2866 ad
583 2802 751 2888 Angulum
764 2805 911 2865 nostrum
925 2801 1009 2867 XVI.
1024 2801 1094 2866 Kal.

74 2893 165 2959 Sext.
190 2891 297 2957 dedist
282 2892 323 2976 ti,
349 2891 444 2955 ualde
471 2891 551 2955 mihi
580 2891 701 2974 script
667 2890 847 2955 taurbane
874 2889 945 2954 uisa
968 2895 1017 2954 ιιι
1039 2890 1095 2953 illa
1109 2916 1136 2956 ιι

76 3004 167 3066 paro,
194 2981 231 3044 in
255 3002 320 3064 qua
342 2980 449 3045 neseio
479 2979 558 3063 quid
585 2980 624 3043 de
648 3001 699 3043 me
722 3001 781 3062 per
803 2978 922 3064 iocum,
941 2978 1000 3041 sed
1022 2999 1095 3042 eum

78 3070 223 3155 quadam
250 3074 360 3134 tamen
388 3068 506 3133 amoris
533 3072 612 3132 ιιοιι
639 3066 837 3166 significasti.
887 3066 1010 3151 gaudeo
1044 3089 1095 3130 me

76 3159 140 3224 tibi
162 3179 270 3242 usque
294 3179 332 3222 eo
356 3179 424 3222 esse
447 3156 648 3242 familiarem,
671 3160 707 3219 ut
693 3154 829 3219 tetiam
851 3153 976 3219 facetiis
998 3154 1095 3219 laces·

78 3271 137 3314 sas.
186 3269 254 3330 quo
277 3245 312 3311 in
334 3267 451 3347 genere
474 3245 502 3309 si
525 3266 656 3330 perges,
683 3266 742 3329 gra
742 3242 822 3306 tiam
844 3242 1031 3330 referemus,
1054 3267 1094 3308 ne

33 3351 41 3418 J
77 3342 112 3402 tu
135 3334 270 3401 homo
261 3334 449 3420 ingeniosus
465 3356 525 3398 nos
544 3331 731 3398 tardiores
723 3353 857 3414 lmpune
875 3333 1093 3397 commoueris.
1109 3359 1136 3398 aa

77 3425 158 3490 Mihi
182 3445 258 3489 cum
281 3423 383 3487 amieo
402 3426 459 3487 tuo
478 3426 565 3486 recte
584 3419 743 3486 conuenit.
721 3419 910 3484 tdoctum
932 3420 1095 3484 hominem

79 3512 230 3601 cognoui,
254 3511 377 3576 bonum
399 3510 505 3575 uirum
529 3532 598 3575 esse
622 3508 726 3573 audio
771 3508 850 3572 haec
877 3529 950 3572 cum
973 3508 1099 3572 sintin

30 3608 31 3616 ι
130 3628 155 3671 Ρ.
168 3624 274 3669 Munatii
286 3625 401 3676 epistulae
415 3625 518 3698 releotpe.
871 3617 892 3666 ‘d
