2400 3922
119 143 182 209 106
459 141 554 198 XLIX.
578 143 623 197 Ad
642 142 723 199 Pium
742 143 790 200 IV.

115 304 253 391 quadam
272 303 433 370 suauitate
452 309 659 389 penetrantes
677 303 846 371 exaudiuit
864 303 1029 371 attentius.
1062 304 1114 372 Nec
1159 309 1162 336 ³

114 417 192 459 uero
217 393 392 478 quidquam
415 393 531 459 habuit
554 395 727 480 antiquius,
751 415 850 479 quam
873 399 911 459 ut
934 416 955 458 a
977 393 1116 459 sanctissi-

114 484 178 548 mis
191 481 355 547 Ecclesiae
374 482 504 567 legibus
527 483 726 548 discedentes
750 504 883 567 quoquo
905 483 1003 548 modo
1025 483 1063 547 ad
1081 505 1117 547 sa·

114 572 253 637 nitatem
279 571 433 656 redirent,
465 593 538 636 cum
564 571 635 655 ipse
662 572 784 637 multos
812 571 1036 636 cohortatione
1065 592 1117 655 suq

88 661 261 746 tconsilio,
294 659 451 742 doctrina,
486 659 660 725 nonnullos
693 660 792 725 etiam
822 659 962 724 lenitate
1000 659 1117 744 quadam

116 750 157 813 ad
180 748 313 813 meliora
335 746 468 811 consilia
492 752 702 812 conuerteret.
748 746 867 813 Incidit
890 751 1035 834 tempuS,
1060 769 1118 813 cun

117 838 156 902 de
189 834 376 900 sufficiendo
406 838 483 918 post
515 835 643 900 obitum
674 836 781 900 Paulli
804 835 860 902 HI.
893 836 1052 902 Pontifice
1076 836 1118 900 ha-

116 923 221 989 benda
257 921 482 987 Cardinalibus
518 924 708 990 deliberatio
746 929 839 990 essct.
900 925 997 990 affuit
1036 924 1118 990 Polus

114 1013 160 1076 ita
196 1011 306 1075 sedato
338 1010 459 1096 animo,
490 1011 537 1076 ita
569 1013 758 1097 cupiditatis
789 1017 823 1078 et
859 1013 1051 1079 ambitionis
1078 1035 1118 1076 ex-

74 1125 101 1166 11
114 1123 201 1185 pers,
231 1103 268 1163 ut
294 1098 415 1164 maiore
444 1099 581 1187 Collegit
608 1107 701 1186 parte
728 1101 962 1166 Pontificatum
995 1102 1035 1166 ad
1060 1122 1119 1166 cum

114 1189 278 1253 deferente
309 1209 375 1253 non
405 1189 516 1254 statim
552 1191 725 1255 assenserit
757 1189 1036 1275 differendamque
1064 1211 1119 1254 11111

114 1282 238 1342 tantam
271 1277 305 1341 111
333 1278 500 1361 posterum
533 1279 618 1343 diem
650 1278 819 1343 censuerit.
869 1279 942 1343 fore
976 1275 1120 1364 enim,si

113 1367 268 1450 probaret
287 1365 384 1452 Deus,
407 1366 543 1430 eundem
562 1371 638 1451 post
656 1367 780 1451 aliquot
798 1367 896 1430 horas
916 1365 1121 1432 Cardinalium

114 1477 320 1540 consensum3
343 1455 394 1519 sin
416 1455 536 1542 minus,
560 1455 690 1521 omnino
714 1455 792 1541 sibi,
815 1454 905 1538 quod
927 1454 1001 1521 Deo
1025 1453 1121 1538 displi·
1159 1506 1162 1525 .

76 1548 215 1631 roderet,
243 1544 370 1628 placere
397 1566 463 1609 non
490 1567 595 1629 posse.
640 1543 777 1628 Scripsit
805 1543 905 1607 etiam
932 1542 1122 1609 1111111111-

114 1633 199 1698 claui
217 1633 381 1718 praeclara
404 1633 559 1718 quaedam
578 1633 616 1697 de
636 1632 742 1697 officio
764 1631 943 1718 Pontificis,
962 1653 1123 1716 quaecum

115 1722 188 1786 aliis
223 1721 292 1785 eius
322 1720 434 1805 libris,
473 1743 554 1804 quos
585 1719 720 1786 Ioannes
752 1719 921 1806 Moronus,
956 1719 1125 1786 Cardinalis

114 1809 157 1872 ob
181 1831 306 1873 summa
324 1830 401 1892 erga
418 1806 533 1872 Sedem
551 1807 774 1892 Apostolicam
792 1808 908 1872 merita
927 1814 1125 1893 perpetuam·

114 1916 176 1978 que
204 1895 292 1959 uitae
320 1895 537 1959 innocentiam
565 1895 775 1978 clarissimus,
802 1901 948 1961 accurate
979 1897 1126 1979 seruauit,

72 2009 99 2048 rc
113 1983 302 2070 propediem
324 1983 359 2046 in
381 1983 485 2048 lucem
503 1985 716 2069 proferentur.
754 1985 873 2069 quibus
891 1985 928 2050 in
945 1985 1043 2052 libris
1061 2009 1127 2051 cum

113 2073 236 2160 spirare
260 2073 362 2137 adhuc
380 2095 471 2138 mens
489 2073 545 2138 illa
564 2072 666 2138 diuini
684 2073 825 2139 hominis
843 2077 877 2137 et
894 2073 1009 2160 uigere
1028 2075 1128 2140 uidea-

113 2169 176 2251 tur,
195 2164 353 2230 afficimur
370 2185 436 2229 non
454 2169 521 2228 tam
539 2163 721 2247 praeceptis
738 2166 835 2247 atque
859 2162 1016 2250 doctrina,
1036 2186 1127 2249 quam

113 2255 334 2318 recordatione
356 2257 520 2318 tantarum
543 2252 715 2337 uirtutum,
739 2273 818 2334 quas
840 2250 874 2314 in
897 2251 956 2316 illo
980 2252 1127 2317 uidimus.

113 2340 209 2405 Vitae
233 2342 376 2406 clausula
398 2341 474 2426 fuit,
501 2341 536 2405 in
564 2363 627 2425 qua
655 2339 795 2405 ostendit
821 2339 932 2403 lumen
960 2340 1063 2405 animi
1084 2342 1129 2406 in·

72 2450 99 2490 aa
113 2428 264 2512 geniique
288 2429 347 2512 sui,
369 2428 555 2491 Britannica
577 2429 706 2511 legatio.
752 2450 827 2492 nam
850 2450 923 2492 cum
946 2428 982 2492 in
1004 2429 1129 2494 1111111-

113 2514 183 2578 sula
205 2536 265 2597 per
287 2537 388 2577 annos
411 2515 531 2577 multos
554 2513 691 2577 duorum
713 2515 841 2602 Regum
864 2516 1016 2602 imperio,
1045 2518 1129 2582 Hen-

114 2601 172 2665 rici
200 2602 355 2686 primum,
384 2600 497 2664 deinde
521 2599 660 2665 Odoardi
684 2602 753 2667 eius
777 2604 849 2689 filii,
875 2604 1046 2691 legitimus
1068 2606 1128 2671 Dei

112 2689 217 2754 cultus
240 2688 431 2753 intermissis
455 2688 587 2772 optimis
610 2689 730 2756 ritibus
753 2692 968 2759 obsoleuisset
992 2716 1128 2780 cumque

111 2776 262 2843 interitus
286 2775 425 2841 Odoardi
453 2777 642 2843 succedente
670 2780 740 2845 eius
768 2804 876 2846 sorore
903 2781 1008 2847 Maria
1036 2807 1129 2869 spem

68 2889 97 2929 11
111 2868 255 2952 aliquam
273 2865 469 2931 reuocandae
488 2865 620 2948 pietatis
635 2873 667 2933 et
686 2869 852 2956 religionis
866 2870 1039 2957 attulisset,
1058 2873 1128 2938 uisa

111 2963 160 3023 est
187 2957 282 3023 unius
313 2953 453 3018 maxime
487 2955 558 3025 Poli
596 2958 756 3043 sapientia
791 2963 912 3023 rectam
944 2961 1128 3026 errantibus

110 3046 198 3110 uiam
220 3048 399 3112 monstrare
422 3067 527 3130 posse,
549 3046 700 3112 adiuncta
722 3047 912 3130 praesertim
935 3049 1128 3114 auctoritate

110 3137 209 3218 tanta,
233 3136 386 3217 quantam
408 3156 467 3198 nec
491 3135 559 3198 sine
583 3134 703 3200 uirtute
727 3134 867 3219 dignitas
895 3135 962 3200 ulla
989 3142 1128 3221 pareret,

109 3240 168 3282 nec
196 3220 265 3285 sine
298 3221 456 3308 dignitate
489 3223 601 3288 uirtus.
655 3223 690 3286 in
720 3215 757 3285 e'a
787 3222 950 3307 legatione
984 3226 1127 3309 optimos

69 3326 96 3368 11
109 3306 253 3393 Reginae
277 3331 389 3376 sensus
413 3311 623 3394 confirmauit,
646 3307 850 3394 principibus
869 3311 948 3376 uiris
967 3317 1000 3378 ct
1019 3315 1128 3379 multi-

108 3396 214 3460 tudini
242 3400 416 3485 persuasit,
448 3406 485 3464 ut
510 3421 629 3464 nouam
655 3396 812 3461 haeresim
839 3398 972 3464 Henrici
1001 3403 1127 3468 nefaria

109 3487 245 3553 libidine
271 3487 435 3553 inductam
463 3488 647 3569 abiicerent,
674 3489 816 3548 ueterem
843 3509 1006 3553 sacrorum
1035 3491 1130 3556 disci·
