2400 3922
395 165 469 222 Xlll.
489 165 633 236 Stephano
652 163 757 235 Saplio.
1044 163 1089 230 25

67 335 177 396 tamen
200 327 263 396 otii
287 350 346 413 spe
368 332 531 393 recreatus
549 327 642 392 facile
661 327 879 411 impetrabam
901 348 920 391 a
938 349 989 391 me
1008 326 1093 413 ipso,

67 424 104 484 ι11
125 441 167 483 ex
196 417 307 482 animo
336 438 408 483 meo
436 416 641 501 superiorum
669 415 892 480 molestiarum
919 420 1016 500 atque
1044 416 1090 481 in-

69 506 311 573 commodorum
343 504 532 570 memoriam
558 504 724 571 obliuione
757 503 905 568 delerem.
955 505 1091 591 uigebat

70 596 160 680 item,
186 599 227 660 ut
253 598 364 677 antea,
392 593 531 677 pristina
552 593 610 658 illa
633 615 717 679 cura,
739 614 799 658 neo
822 596 891 657 erat
915 593 1090 677 quidquam

69 685 102 750 in
132 683 217 750 mais
244 682 391 750 consiliis
423 682 603 767 antiquius,
635 704 732 766 quam
763 686 801 746 ut
833 680 961 747 abditas
991 686 1089 765 atque
1116 707 1131 748 a

70 773 253 857 implicatas
289 773 325 837 in
356 775 464 838 mente
496 771 712 857 cogitationes
740 793 808 835 non
836 770 932 835 modo
964 770 1089 855 aperire

72 866 166 946 atque
198 860 366 945 explicare
387 860 512 945 uerbis,
539 881 653 924 uerum
681 859 779 924 etiam
808 881 962 924 exornare
986 859 1090 943 quasi·

71 971 129 1034 que
147 949 329 1036 pigmentis
348 952 381 1013 et
404 949 568 1014 coloribus
591 947 753 1014 illustrem
772 970 910 1033 possem.
946 970 998 1013 res
1021 952 1090 1013 erat

69 1060 127 1103 nec
154 1037 267 1124 exigui
291 1037 448 1121 temporis
472 1041 505 1102 et
527 1037 661 1102 maximi
687 1036 817 1101 laboris
863 1041 993 1120 tempus
1015 1059 1089 1119 non,

71 1131 227 1210 quantum
256 1126 304 1192 rei
332 1126 523 1211 magnitudo
551 1127 664 1210 ferret,
695 1125 908 1209 suppetebat,
940 1148 1013 1190 cum
1045 1148 1085 1189 ex
1102 1152 1128 1191 ro

70 1220 178 1281 uetere
206 1214 311 1300 patris
340 1214 491 1279 instituto
520 1214 555 1279 in
582 1214 645 1279 hoc
676 1213 965 1297 imprimendorum
991 1214 1089 1278 libro-

69 1326 139 1371 rum
159 1325 295 1369 munere
318 1307 352 1367 et
370 1303 588 1368 restituendae
603 1301 807 1386 antiquitatis
822 1324 898 1366 cura
912 1302 1089 1368 distinerer.

69 1391 216 1469 laborem
239 1396 363 1475 autem,
387 1391 440 1456 uel
463 1391 490 1456 si
514 1391 712 1455 abundarem
735 1395 896 1475 tempore,
919 1396 1090 1475 perspecta

70 1478 267 1546 ualetudinis
303 1502 393 1545 meae
427 1480 511 1544 ratio
544 1479 724 1544 recusabat.
773 1483 949 1563 utrumque
981 1484 1090 1543 tamen

70 1591 140 1634 cum
164 1570 319 1635 uoluntas
342 1568 487 1634 uinceret
510 1568 719 1653 quotidieque
738 1567 862 1652 aliquot
884 1567 981 1631 horas
1000 1589 1089 1632 ooou-
1104 1593 1131 1634 15

70 1658 261 1741 petionibus
285 1662 414 1740 ereptas
437 1656 524 1740 stylo
548 1657 670 1740 darem,
697 1677 769 1720 ecoe
797 1677 849 1719 me
875 1656 983 1719 nescio
1007 1656 1089 1740 quia,

70 1746 166 1811 homo
190 1749 279 1811 certe
298 1745 378 1811 satis
400 1746 531 1810 fortuna
553 1744 642 1830 felix,
665 1743 819 1828 praemiis
837 1747 1033 1808 commotum
1057 1749 1090 1807 11

71 1834 241 1900 blanditiis
274 1839 408 1917 captum
442 1838 540 1917 atque
576 1833 739 1898 irretitum
770 1832 907 1897 Romam
944 1832 1089 1897 abduxit.

68 1923 124 1987 ubi
148 1945 224 1988 oum
247 1922 372 2006 aliquot
394 1944 522 1986 menses
539 1944 606 1986 non
628 1921 663 1986 in
685 1921 735 2007 iis,
758 1944 840 2006 quae
859 1943 987 2005 semper
1005 1944 1088 1986 ama-

68 2032 188 2096 ueram,
211 2010 449 2076 litterarumst
436 2009 548 2096 tudiis,
576 2010 669 2075 sed
659 2009 747 2074 mani
767 2010 946 2075 officiorum
970 2033 1087 2096 genere
1102 2037 1131 2078 11

68 2099 346 2184 consumpsissem
374 2103 407 2163 et
438 2099 494 2163 1111
501 2149 510 2184 ,
543 2121 639 2200 quem
669 2103 799 2164 secutus
832 2121 931 2182 eram,
962 2104 1089 2163 montes

69 2210 184 2253 aurcos
207 2187 336 2272 pollicit
337 2210 375 2252 us
402 2187 459 2252 uix
485 2187 619 2252 minima
646 2191 840 2285 praestaret,
873 2186 1026 2271 collegi
1018 2208 1088 2268 ipse

70 2299 120 2341 me
134 2298 243 2360 neque
262 2276 367 2341 solum
386 2275 566 2340 studiorum
580 2298 748 2428 meorum,t
752 2268 836 2375 qliae
853 2273 1090 2338 intermiseram

68 2365 208 2466 potius,
226 2385 323 2448 quam
346 2364 545 2448 dimiseram,
575 2386 692 2432 uerum
716 2363 813 2428 etiam
841 2362 888 2429 rei
911 2362 1089 2448 familiaria,

68 2454 119 2518 cui
143 2452 210 2518 nisi
234 2453 479 2537 consulerem,
469 2475 542 2537 ipsa
565 2456 743 2537 quoquet
713 2451 847 2517 studia
837 2474 940 2517 1acere
958 2473 1088 2517 necesse
1103 2476 1131 2518 11

69 2546 154 2626 erat,
182 2541 366 2606 habendam
389 2541 471 2606 mihi
497 2541 657 2606 rationem
685 2541 770 2605 duxi
808 2563 872 2624 quo
897 2540 1063 2605 consilio
1054 2564 1089 2605 m

67 2593 212 2714 patriam
239 2651 388 2694 reuersus
415 2629 513 2694 retuli
541 2652 593 2694 me
620 2629 751 2694 omnino
780 2629 820 2692 ad
846 2633 973 2694 ueteres
1000 2651 1089 2694 meas

68 2725 138 2783 tum
162 2718 294 2804 legendi
317 2722 387 2782 tum
410 2718 571 2783 scribendi
595 2717 849 2783 exercitationes.
888 2718 1036 2783 sedtum
1055 2717 1089 2782 in

68 2806 248 2874 domestica
279 2827 314 2870 re
347 2806 571 2872 constituenda
603 2811 674 2870 tum
706 2806 740 2870 in
773 2806 979 2871 emendandis
1008 2806 1089 2870 anti-

69 2915 209 2980 quorum
230 2894 328 2960 libris
351 2894 526 2980 districtus,
548 2899 624 2978 post
648 2916 686 2958 ea
704 2916 780 2959 uero
800 2895 898 2959 etiam
917 2894 1090 2959 erudienda
1102 2919 1131 2958 11

68 2983 238 3050 duodecim
261 2982 422 3048 nobilium
445 2982 697 3049 adolescentium
714 2983 887 3048 Academia
910 3005 969 3065 per
992 2982 1088 3045 trien-

68 3074 158 3138 nium
181 3076 360 3156 oooupatus
381 3072 570 3156 quantulam
587 3072 758 3138 habuerim
777 3070 968 3136 excolendae
991 3068 1091 3132 facul-

68 3166 169 3226 tatem
200 3160 419 3262 eloquentiae,
448 3160 714 3262 quantumque
704 3183 739 3225 m
771 3158 871 3224 tantis
903 3162 1088 3259 temporum

70 3249 229 3337 angustiis
254 3270 315 3332 per
338 3270 424 3332 eam,
453 3272 567 3401 quamt
574 3249 739 3350 ingressus
763 3270 863 3330 eram,
889 3245 990 3312 latine
1014 3247 1088 3312 scri-

70 3338 164 3404 bendi
187 3338 278 3402 uiam
306 3338 480 3420 procedere
508 3338 685 3422 potuerim,
707 3337 870 3421 faoile,tut
894 3335 1032 3488 opinor,
1039 3340 1088 3399 est
1103 3357 1130 3398 11

70 3427 262 3493 existimare.
309 3424 965 3525 11011111,811111111111111111111811111
990 3424 1088 3488 etiam
1178 3508 1180 3511 Ι

70 3537 111 3603 ea,
134 3539 217 3602 quae
242 3513 464 3580 occultissima
487 3519 576 3599 sunt,
599 3512 795 3598 assequitur,
817 3514 973 3597 primum,
997 3512 1089 3576 cuius
