2400 3922
349 138 500 196 XXXVIII.
528 137 663 194 Michaeli
680 137 825 194 Turriano.
1049 137 1090 202 81

65 302 256 369 uideantur.
303 301 428 368 Verum
455 301 535 366 haec
563 301 641 366 satis
669 307 725 365 aut
753 301 851 364 etiam
872 299 1008 366 nimium
1031 300 1093 365 for-

68 395 156 457 tasse
179 391 300 456 multa.
346 389 436 456 Vale.
481 389 628 455 Venetiis
651 387 826 475 [MDLIX].

499 881 675 946 XXXVHJ.

95 1042 257 1109 illustri
283 1041 425 1106 comiti
447 1040 631 1107 Michaeli
654 1040 841 1105 Turriano
866 1040 1071 1107 Oenetensi

320 1145 515 1231 Episcopo
540 1145 719 1210 Genetam
743 1155 801 1224 (IV,
817 1156 853 1222 1).
1121 1167 1134 1208 5

167 1285 316 1341 Manutius
334 1300 429 1339 mense
448 1285 601 1340 Februario
621 1284 687 1339 anni
709 1289 776 1339 itte
799 1286 881 1354 graui
899 1285 1023 1356 periculo
1042 1287 1095 1340 im-

74 1357 193 1428 plicitus
222 1359 292 1411 erat.
329 1354 458 1410 Criminis
485 1355 598 1410 conficti
619 1373 697 1420 reus,
729 1371 764 1410 ue
788 1356 818 1408 in
840 1355 956 1411 uincula
980 1356 1094 1427 publica

76 1428 268 1495 coniceretnr,
296 1427 416 1498 primum
442 1425 569 1480 Venetiis
598 1426 734 1482 coenobio
763 1427 885 1495 quodam
909 1445 938 1482 se
961 1428 1093 1493 occuluit,

76 1502 138 1553 tum
156 1497 311 1553 Patauium
330 1496 466 1565 confugit.
504 1497 556 1551 Cui
574 1514 746 1565 quamquam
760 1497 884 1551 criminis
899 1497 1028 1552 absoluto
1044 1500 1093 1552 aut

77 1569 181 1624 saltem
198 1567 321 1639 pecunia
339 1567 460 1621 multato
484 1567 584 1636 paucis
607 1568 750 1622 mensibus
773 1569 840 1636 post
861 1569 892 1620 iu
909 1568 1033 1636 patriam
1050 1585 1091 1623 re·
1107 1582 1134 1622 ro

77 1639 154 1694 ditus
181 1640 289 1708 putuit,
314 1641 410 1692 tumen
434 1637 512 1692 haud
535 1638 598 1692 leue
622 1638 800 1692 fortunarum
825 1653 938 1691 suarum
961 1639 1092 1691 damnum

78 1710 206 1834 pectitur
225 1726 255 1764 se
274 1710 424 1778 accepisse.
463 1708 679 1776 scuranum,
707 1707 756 1775 qui
779 1707 837 1761 iam
859 1724 906 1761 sex
926 1706 1006 1760 annis
1027 1711 1093 1762 ante

96 1796 151 1837 ono
185 1781 370 1834 ducentorum
403 1794 578 1832 nummorum
606 1795 752 1833 aureorum
782 1793 850 1848 opes
878 1777 938 1832 eius
965 1778 1092 1845 fulserat,

76 1850 250 1906 literulitute
270 1849 297 1904 ei
320 1849 433 1904 uidetur
453 1848 618 1920 contigisse,
646 1852 679 1903 ut
701 1865 764 1903 eam
786 1849 925 1903 iacturam
944 1848 1041 1917 aliqua
1059 1866 1093 1904 er

77 1924 157 1992 parte
176 1919 334 1976 resarciret.
1107 1951 1134 1993 ,Β

166 2045 322 2133 Angebar
345 2045 444 2110 animi
466 2066 526 2109 nec
548 2045 618 2109 fieri
643 2046 818 2131 quidquam
841 2069 938 2130 posse
956 2069 1008 2111 me
1028 2069 1092 2112 uno

78 2135 229 2200 miserius
259 2134 425 2217 opinabar.
470 2133 517 2197 ita
546 2132 649 2197 multa
678 2134 739 2198 hoc
769 2156 852 2199 anno
881 2139 1011 2217 praeter
1041 2157 1092 2197 ex-

78 2223 325 2308 spectationem,
357 2242 490 2306 prorsus
521 2221 654 2286 aduersa
685 2222 766 2286 meis
797 2222 979 2286 rationibus
1009 2221 1092 2285 obti-

78 2316 204 2398 gerant:
246 2310 357 2375 fratris
398 2309 540 2393 primum
578 2310 802 2395 amantissimi,
844 2309 957 2374 deinde
998 2308 1091 2374 filioli

79 2399 261 2465 suauissimi
290 2398 454 2483 interitus,
485 2398 595 2463 uxoris
622 2399 768 2484 morbus,
798 2397 984 2464 inualetudo
1012 2421 1092 2484 mea,
1106 2428 1133 2468 ro

77 2489 122 2552 rei
152 2486 322 2552 familiaris
350 2486 559 2552 incommoda.
606 2508 703 2571 quam
731 2486 839 2570 facile,
868 2487 958 2553 nullo
988 2509 1091 2572 paene

77 2577 227 2661 strepitu,
249 2595 357 2639 rerum
375 2595 518 2639 mearum
541 2596 715 2639 conuersus
735 2574 812 2640 ordo
832 2578 893 2640 est!
931 2576 969 2640 de
992 2577 1091 2640 fratre

77 2669 108 2729 et
134 2665 204 2728 filio
233 2664 298 2727 iam
321 2663 389 2727 fero
417 2663 626 2746 moderatius,
650 2663 703 2727 uel
727 2664 825 2748 quod,
848 2668 885 2728 ut
909 2664 1004 2750 solet,
1028 2686 1092 2729 me·

77 2752 170 2818 detur
193 2752 275 2834 dies,
304 2751 356 2815 uel
380 2751 467 2836 quia,
498 2750 585 2835 quod
611 2755 741 2815 aeterna
767 2751 840 2838 lege
863 2753 951 2818 Deus
975 2753 1091 2817 consti·

76 2841 152 2927 tuit,
181 2840 216 2904 id
244 2841 401 2925 abrogare
429 2839 512 2903 uelle
540 2861 606 2904 non
629 2840 733 2904 solum
756 2840 949 2925 iniustitiae,
977 2861 1090 2904 uerum
1104 2866 1129 2906 25

76 2930 173 2994 etiam
196 2927 433 3012 imprudentiae
456 2927 585 2991 uidetur
608 2949 687 2992 esse.
724 2949 806 2993 uxor
828 2927 1004 3010 conualuit,
1028 2948 1089 3010 ego

77 3018 153 3082 satis
191 3018 312 3081 firmus.
368 3015 542 3080 domestica
578 3037 655 3081 uero
692 3016 819 3100 damna,
861 3037 942 3098 quae
979 3014 1089 3076 sarciri

77 3209 160 3264 ariter
179 3208 351 3263 adhortante
371 3206 520 3260 consilium
539 3207 670 3276 ceperim.
708 3206 783 3274 quod
802 3204 851 3259 ille
876 3203 900 3256 si
924 3204 1091 3273 cognouerit

78 3281 104 3334 et
128 3280 154 3334 si
180 3296 226 3333 me
250 3277 327 3350 apud
350 3293 414 3331 eum
435 3277 598 3332 testimonio
621 3278 782 3332 litterarum
804 3278 917 3330 tuarum
940 3274 970 3356 in
994 3275 1090 3345 aliqua

76 3351 169 3419 gratia
191 3349 334 3419 posueris,
360 3364 531 3417 magnopere
554 3348 696 3428 laetabor,
722 3346 808 3431 idque
832 3347 856 3403 si
874 3365 892 3402 a
909 3349 939 3401 te
953 3350 1088 3428 impetro,

77 3418 650 3560 gadem&sgffiecguggptpggrrmum
669 3418 828 3473 arb1trabor
847 3420 888 3489 et,
911 3417 961 3472 ubi
979 3433 1024 3471 res
1043 3434 1089 3472 ex-

126 3591 152 3632 P.
165 3589 267 3633 Munatii
281 3589 396 3642 epistulae
410 3589 516 3632 selectae.
859 3585 874 3631 6
