2400 3922
476 183 690 248 ..77-

69 348 144 407 item
172 353 292 406 acetum
320 344 408 406 melle
434 347 575 427 mixtum,
603 348 635 407 in
663 365 722 425 quo
749 347 824 407 ferri
851 353 981 429 stercus,
1010 348 1089 428 quod

69 433 204 515 oropo:
223 432 331 495 Graeci
349 442 464 514 vocant,
488 441 590 496 ustum
612 436 698 513 prius
720 435 899 496 infervescat
922 438 1041 516 saepius
1061 446 1090 498 ot

70 525 113 584 ita
135 522 234 584 detur.
281 521 356 583 Item
383 524 502 601 proiicit
529 521 667 584 abrotoni
693 523 793 603 pondo
820 531 939 584 sextans
962 542 998 585 ex
1022 527 1089 585 vino

71 611 161 674 datus
184 619 216 672 et
240 613 356 690 origani
378 611 478 691 pondo
497 620 616 672 sextans
636 612 741 673 eodem
764 613 851 674 modo
871 612 966 674 datus.
1002 612 1090 674 Prae·

71 702 161 782 cipue
185 707 286 762 autem
309 699 473 781 adiuvabit,
502 702 527 761 si
550 702 618 780 quis
641 701 798 779 coagulum
821 701 945 782 leporis,
973 701 1125 763 hinnulis

71 798 103 850 et
130 791 218 869 porci
244 791 276 849 in
305 806 399 851 unum
430 790 585 850 miscuerit
612 796 643 850 et
670 789 787 850 dederit
814 808 850 849 ex
878 792 940 851 vini
971 790 1090 851 hemina

71 886 125 940 aut
148 877 263 958 cyathis
285 877 384 938 tribus
407 877 433 938 x
456 876 470 937 1
492 877 540 939 vei
561 878 859 958 victoriatipondus.

162 965 383 1027 chxxvllll.
416 965 610 1027 cantharides
633 975 755 1045 gustum
774 974 804 1027 et
823 967 945 1028 odorem
964 967 1091 1029 similem

70 1057 134 1135 pici
151 1073 168 1116 c
185 1055 276 1116 codro
290 1055 384 1117 factae
399 1054 518 1116 habent.
545 1054 636 1115 Potae
651 1055 796 1117 stomachi
810 1056 943 1117 dolorem
961 1074 1092 1118 morsus·

71 1162 134 1224 que
153 1145 297 1224 excitant,
320 1145 482 1223 praecipue
502 1145 624 1205 vesicae.
662 1142 861 1214 Quamobrem
880 1148 933 1224 qui
950 1145 1092 1206 biberunt
1112 1158 1145 1208 10

70 1251 123 1294 cas
152 1232 314 1294 difficulter
346 1234 465 1293 urinam
493 1240 524 1293 et
556 1251 625 1293 cum
657 1235 800 1311 sanguine
833 1233 977 1315 reddunt,
1010 1233 1090 1294 exul·

72 1328 176 1384 cerata
199 1320 313 1383 scilieet
333 1324 445 1401 vesica3
468 1328 623 1401 praetcrea
646 1324 744 1382 animo
764 1320 890 1382 subinde
913 1320 1091 1400 linquuntur

72 1410 286 1489 deficiuntque.
331 1409 518 1471 Adiuvantur
541 1416 653 1490 autem,
677 1428 746 1470 cum
769 1412 888 1489 saepius
911 1411 1091 1491 reiecerunt,

71 1517 163 1578 passo
184 1516 253 1559 eum
272 1497 338 1559 oleo
356 1506 427 1577 poto
446 1497 492 1559 vel
512 1500 594 1559 omni
616 1497 701 1579 lacto,
725 1499 777 1559 sed
797 1498 906 1559 debent
928 1497 1091 1576 plurimum

73 1589 142 1648 eius
165 1605 294 1648 sumere.
336 1586 411 1648 item
433 1594 560 1666 prosunt
579 1589 623 1648 eis
646 1586 746 1648 nuclei
768 1589 832 1666 pini
854 1605 909 1667 per
928 1605 960 1647 sc
980 1587 1092 1666 sumpti
1112 1599 1144 1646 15

71 1675 181 1737 velex
208 1694 284 1756 aqua
311 1675 407 1737 mulsa
434 1684 486 1737 aut
514 1695 550 1737 ex
577 1693 665 1754 passo
689 1678 754 1737 triti
782 1683 811 1736 et
839 1675 913 1756 dati,
940 1677 1013 1736 item
1040 1693 1091 1735 ou·

74 1764 207 1827 cumeris
230 1782 334 1825 semen
360 1772 574 1844 purgatumst
602 1764 656 1825 lini
684 1782 786 1825 semen
810 1782 846 1825 ex
869 1782 957 1842 passo
980 1763 1091 1824 datum.

73 1854 202 1915 Adiuvat
223 1852 301 1914 bene
320 1860 350 1914 et
372 1855 421 1914 ius
439 1856 550 1932 pingue
569 1855 711 1932 agninum
729 1853 776 1914 vel
795 1871 831 1914 ex
850 1851 961 1914 bubula
981 1854 1091 1913 factum

74 1952 106 2003 ot
137 1942 232 2003 farina
264 1943 382 2004 triticea
414 1942 506 2021 pultis
538 1959 621 2003 more
649 1951 733 2003 cocta
765 1941 929 2020 plurimum
961 1944 1092 2002 anserini

74 2030 170 2110 adipis
197 2030 319 2091 habens
365 2030 492 2091 Prodest
520 2038 550 2092 et
574 2029 689 2091 Samiae
718 2037 817 2091 cretae
844 2051 872 2110 p.
896 2030 922 2091 x
951 2038 1092 2110 quattuor
1110 2042 1144 2090 20

74 2138 144 2181 cum
172 2121 254 2200 passi
281 2119 395 2198 cyathis
423 2126 565 2199 quattuor
592 2121 753 2198 mixtisque
777 2137 852 2197 aqua
876 2119 991 2198 datum,
1019 2120 1091 2179 item

74 2207 174 2270 oleum
197 2209 310 2269 irinum
334 2226 370 2269 ex
393 2214 461 2269 ruta
483 2210 589 2270 tritum
612 2215 643 2268 et
665 2216 777 2287 potum.

163 2294 333 2358 chxxx.
374 2296 531 2376 Buprestis
561 2303 668 2375 gustus
697 2304 743 2356 est
769 2297 842 2356 nitri
870 2294 989 2376 similis3
1022 2295 1092 2354 facit

74 2393 175 2447 autem
201 2395 352 2446 tumorem
379 2385 584 2465 stomachique
611 2386 761 2446 infinitum
790 2382 923 2444 dolorem
951 2391 981 2444 et
1009 2382 1093 2443 inflat

75 2482 170 2536 totum
190 2492 302 2553 corpus
320 2476 353 2534 in
372 2476 501 2554 speciem
521 2474 685 2553 hydropici.
717 2473 902 2534 Adiuvantur
921 2491 997 2553 aqua
1016 2473 1092 2534 heus
1112 2483 1146 2533 25

74 2563 175 2625 aridae
198 2563 340 2625 decoctae
363 2571 394 2624 et
420 2566 485 2643 ipsa
508 2564 567 2624 heu
595 2562 722 2642 plurima
751 2569 883 2644 sumpta,
910 2565 982 2623 item
1004 2580 1093 2642 passo

74 2651 205 2731 plurimo
231 2660 261 2713 ot
284 2650 360 2712 lacto
385 2651 523 2713 muliebri
546 2658 576 2713 et
598 2652 664 2713 iure
688 2650 775 2712 suillo
794 2653 899 2731 pingui
922 2659 1045 2730 accepto
1064 2659 1095 2711 ot

74 2743 148 2802 nitri
170 2740 305 2821 pondere
324 2739 350 2799 x
374 2748 515 2821 quattuor
534 2758 603 2800 cum
627 2758 721 2819 aquae
741 2740 861 2801 hemina
879 2740 948 2801 dato
967 2748 998 2799 et
1016 2746 1094 2799 cete-

74 2831 128 2910 ris,
151 2847 228 2909 quae
253 2847 343 2908 supra
367 2829 404 2890 ad
428 2828 615 2890 cantharidas
638 2831 749 2907 scripta
773 2836 852 2888 sunt.

165 2916 347 2978 CLXXXXI.
388 2917 558 2996 Dorycnion
585 2925 705 2995 gustum
733 2916 853 2994 quidem
880 2914 971 2975 habet
997 2912 1091 2994 lactis,
1111 2924 1147 2973 3ο

75 3013 182 3085 potum
204 3025 276 3067 vero
300 3005 449 3084 singultus
473 3005 596 3067 crebros
619 3006 690 3067 facit
713 3012 744 3065 et
765 3005 894 3065 vomitus
918 3004 1092 3080 frequenter

147 3194 267 3249 edsius
284 3195 384 3264 sumpsi
402 3195 456 3250 bis:
476 3195 573 3249 datum
588 3195 616 3250 R
635 3195 684 3249 bis.
746 3192 872 3247 bhinuli
890 3190 926 3245 R.
984 3189 1044 3245 ῚΞ
1061 3190 1090 3261 Ι]

74 3263 102 3318 Ξ
120 3282 170 3334 ·p·
189 3264 203 3318 1
220 3265 257 3321 R.
331 3271 347 3320 8
367 3264 563 3335 Cantharides]
584 3266 619 3332 ef.
635 3264 697 3320 aaz.
713 3263 786 3332 XIV,
803 3268 852 3317 151
873 3261 1037 3316 (laniandos
1056 3261 1093 3317 R.

77 3341 111 3391 lo
130 3337 161 3391 ot
183 3351 234 3392 orn.
254 3335 418 3407 Stephanus.
491 3343 526 3393 20
544 3335 652 3390 habens
670 3334 782 3403 scripsi:
809 3333 931 3388 habente
949 3332 985 3388 R.
1059 3338 1093 3387 23

76 3405 239 3478 Bupres’ois]
253 3408 289 3474 cf.
302 3407 365 3464 aaz.
375 3407 448 3475 XIV,
465 3412 524 3462 141.
578 3412 613 3462 26
630 3405 751 3477 plurima
764 3406 875 3473 scripsi:
891 3402 1042 3472 plurimum
1056 3403 1093 3457 R.
1193 3446 1199 3455 .

76 3482 111 3533 ir
155 3478 259 3533 lurimo
282 3494 341 3534 eo:
368 3478 521 3549 plurimum
543 3478 580 3534 R.
654 3483 688 3533 28
712 3477 835 3546 pondere
859 3476 970 3544 scripsi:
995 3480 1037 3544 p0.
1056 3473 1092 3528 R.

76 3552 112 3604 80
130 3494 357 3621 ssoryenionscf.
377 3550 440 3607 Gai.
458 3548 533 3618 XIV,
552 3554 613 3603 140.
