2400 3922
70 161 109 214 VI
469 158 687 214 PRAEFATIO.

70 325 237 387 reuocatas
270 321 429 405 breuique
466 321 631 386 uolumine
665 322 912 406 comprehensas
950 324 1093 407 offeram,

71 432 187 495 operae
211 409 354 493 pretium
377 433 428 474 me
451 411 613 475 facturum
634 433 701 475 non
724 410 867 495 despero

159 498 230 562 Hac
253 498 288 562 in
310 521 344 562 re
368 498 415 563 ita
437 498 519 563 mihi
546 499 692 563 intellexi
720 522 789 564 esse
815 501 1022 584 uersandum,
1055 505 1093 563 ut

72 610 109 652 ea
132 587 283 674 editione,
307 609 388 671 quae
407 588 511 672 ipsius
528 587 668 651 Manutii
691 588 809 653 iudicio
833 611 928 672 quam
951 589 1092 653 maxime

72 680 161 741 recta
190 681 222 741 et
251 676 414 760 perpolita
438 676 655 761 existimatur,
686 699 746 760 pro
776 678 951 761 archetypo
975 681 1092 741 uterer.

73 765 208 830 Etenim
241 787 314 828 cum
342 764 397 827 ille
427 764 462 827 in
489 763 631 827 limanda
659 765 806 830 oratione
834 788 999 850 nunquam
1028 766 1092 829 sibi

73 853 279 938 satisfecerit,
310 851 480 935 epistulas,
511 851 764 937 quotiescunque
794 855 885 938 prelo
917 858 985 919 erat
1018 855 1092 917 sub-

71 943 223 1027 iecturus,
241 962 307 1005 non
325 939 431 1004 solum
449 942 651 1024 recensebat,
674 941 731 1006 sed
749 942 847 1006 etiam
870 943 996 1026 aliquot
1014 942 1095 1007 locis

74 1030 266 1115 corrigebat.
305 1027 398 1105 Quod
415 1028 501 1093 idem
516 1029 592 1113 quia
610 1034 685 1094 ante
705 1053 775 1095 eam
794 1031 977 1116 editionem,
997 1052 1094 1115 quam

74 1119 185 1203 paullo
209 1118 300 1202 prius
306 1168 315 1202 ,
344 1140 441 1201 quam
464 1117 534 1182 uita
557 1118 736 1204 decederet,
765 1120 984 1185 excudendam
1008 1142 1094 1183 cura-

73 1207 138 1291 uit,
166 1229 200 1272 se
224 1207 385 1271 facturum
409 1210 441 1270 et
464 1228 524 1290 per
551 1207 676 1271 litteras
699 1206 785 1273 Aldo
808 1209 876 1273 filio
900 1210 1095 1293 promiserat

71 1300 105 1360 et
129 1295 283 1380 perfecit,
310 1295 380 1359 eius
406 1294 485 1359 libri
508 1294 702 1380 dignitatem
730 1318 888 1360 summam
917 1320 986 1362 esse
1013 1297 1093 1360 iudi-

73 1384 221 1450 cauerim.
232 1381 256 1470 ยน)
302 1382 365 1448 Sed
388 1383 466 1467 quid
490 1383 609 1468 quibus
631 1383 712 1449 locis
735 1385 895 1449 censuerit
923 1386 1095 1450 immutan-

74 1474 159 1558 dum,
184 1494 295 1537 eorum
319 1472 482 1556 exemplo,
510 1472 566 1556 qui
588 1477 736 1537 ueterum
760 1471 954 1537 Graecorum
977 1474 1094 1537 Roma-

72 1583 255 1645 norumque
278 1560 381 1625 libros
409 1559 474 1625 sibi
502 1566 693 1645 proponunt
721 1561 872 1645 edendos,
902 1561 1094 1647 singillatim

75 1673 174 1735 quam
195 1649 440 1736 religiosissime
464 1651 577 1714 afferre
596 1650 653 1714 uix
671 1673 754 1735 opus
774 1673 843 1715 esse
862 1651 986 1736 opinor,
1005 1673 1095 1735 prae-

74 1739 188 1804 sertim
211 1762 285 1803 cum
310 1739 377 1803 fere
400 1761 567 1822 nunquam
590 1743 681 1804 tanta
704 1739 747 1803 sit
766 1739 973 1804 correctionis
993 1740 1042 1802 uis
1063 1745 1095 1801 et

74 1828 229 1914 grauitas,
253 1831 290 1890 ut
313 1827 441 1890 diuersa
464 1827 636 1891 admodum
659 1827 820 1892 sententia
843 1827 967 1890 euadat.

162 1914 234 1978 Hoc
257 1913 363 1978 solum
387 1913 496 1977 deberi
519 1914 710 1999 legentibus
724 1914 805 1978 mihi
823 1914 980 1998 persuasi,
1003 1919 1041 1978 ut
1061 1920 1094 1978 et

74 2008 185 2089 partes
215 2001 370 2086 quasdam
403 2001 617 2085 epistularum
647 2006 680 2066 et
709 2003 841 2067 nomina
872 2002 1029 2087 quaedam
1058 2004 1094 2066 in

75 2092 191 2177 primis
205 2090 404 2156 editionibus
417 2089 535 2176 posita,
553 2095 668 2175 postea
682 2113 865 2176 suppressa,
879 2092 1093 2156 restituerem.

75 2181 202 2259 Quibus
230 2180 316 2245 enim
343 2180 397 2244 uel
423 2184 560 2263 propter
581 2183 725 2245 mutatos
753 2203 859 2246 mores
881 2181 935 2244 uel
958 2186 1095 2265 propter

75 2271 269 2357 denegatam
295 2268 447 2334 Pontifici
476 2268 624 2335 Romano
653 2269 893 2335 oboedientiam
920 2270 1096 2334 amicitiam

75 2358 333 2442 renuntiauerat,
362 2380 473 2423 eorum
499 2359 646 2443 nomina,
675 2380 716 2422 ne
744 2359 872 2440 quando
899 2358 963 2421 sibi
987 2363 1096 2421 essent

76 2445 204 2530 pudori,
227 2445 255 2510 si
274 2445 412 2529 posthac
435 2445 470 2508 in
493 2444 642 2527 epistulis
665 2444 733 2507 suis
756 2445 879 2527 scripta
901 2444 1097 2529 legerentur,

76 2534 227 2599 omittere
241 2532 412 2597 constituit
427 2532 588 2596 asteriscis
602 2532 637 2595 in
651 2553 763 2595 eorum
776 2530 884 2595 locum
898 2533 1096 2598 substitutis.

164 2620 204 2685 In
232 2619 412 2684 duodecimi
439 2618 516 2684 libri
543 2618 694 2703 epistulis
721 2623 798 2702 post
824 2625 963 2685 mortem
991 2623 1096 2706 patris

76 2711 117 2774 ab
145 2708 230 2774 Aldo
257 2708 325 2771 filio
356 2707 490 2771 adiectis
517 2707 744 2772 auctoritatem
772 2712 901 2774 secutus
929 2732 1002 2774 sum
1032 2711 1095 2774 edi-

75 2798 175 2863 tionis
204 2819 313 2861 earum
340 2795 511 2880 principis,
544 2817 624 2879 quae
654 2817 739 2860 anno
769 2798 856 2863 1580
883 2798 1031 2864 Venetiis
1060 2799 1095 2862 in

76 2887 183 2952 lucem
206 2884 336 2969 prodiit.

165 2975 298 3040 Praeter
324 2973 396 3057 has,
425 2994 505 3056 quas
534 2973 798 3059 commemoraui,
829 2975 997 3060 epistulas,
1027 2980 1095 3040 tres

77 3064 195 3151 recepi,
220 3085 300 3148 quae
323 3061 410 3146 apud
431 3060 607 3125 Krausium
629 3062 664 3126 in
683 3062 862 3147 appendice
885 3063 1096 3129 inueniuntur

169 3313 195 3378 1)
214 3307 295 3362 Hanc
309 3308 425 3376 quidem
438 3301 592 3363 editionem
601 3308 639 3364 Io.
650 3307 824 3377 Theophilus
834 3306 979 3375 Krausius,
994 3324 1094 3375 quam-

78 3398 165 3450 quam
183 3378 336 3450 plurimum
351 3379 440 3434 studii
452 3379 484 3434 in
496 3379 527 3435 P.
541 3378 664 3433 Manutii
677 3378 815 3447 epistulas
837 3395 900 3432 eum
919 3377 1092 3446 impendisse

79 3469 113 3507 ex
130 3450 221 3522 ipsius
244 3449 369 3504 editione
389 3450 512 3520 (Lipsiae
532 3453 620 3518 1220),
644 3448 768 3504 omnium
790 3449 899 3519 optima
917 3465 950 3502 ac
968 3448 1094 3517 loeuple-

77 3522 205 3593 tissima,
223 3520 412 3591 cognoscitur,
430 3521 493 3590 ipse
509 3538 567 3577 non
583 3519 715 3591 inspexit.
