2400 3922
328 160 412 216 XXX.
430 160 527 217 Marco
545 158 670 216 Antonio
688 160 806 218 Murato.
1035 162 1078 228 65

52 326 98 388 est
121 341 268 386 necesse.
316 326 393 386 sunt
416 321 502 387 enim
526 321 669 388 eiusdem
692 321 883 408 argumenti.
913 321 965 389 sin
987 322 1077 390 tuum

52 410 275 496 uoluntatem,
303 430 386 494 quae
410 415 529 495 quanta
558 411 614 496 sit,
638 433 684 482 ex>
701 411 768 476 tuis
790 410 909 476 litteris
932 419 1077 499 apparet,

52 503 128 565 sunt
153 496 271 563 eadem
293 498 447 564 iteranda.
492 498 539 565 sic
561 499 664 586 igitur
686 499 810 565 faciam.
855 498 994 566 Affirmo
1012 502 1077 566 tibi

52 586 227 674 Sigonium
252 592 412 671 nostrum
435 587 462 652 si
475 588 657 653 Bononiam
676 587 751 653 ierit
769 609 985 673 praesensque
1005 611 1077 654 con-

52 675 207 761 tenderit,
232 680 356 741 certum
380 677 532 741 futurum.
556 677 657 741 habet
675 676 902 741 auctoritatem
921 699 961 741 ex
979 677 1076 743 huius
1103 697 1116 742 1

52 764 116 830 1111
140 764 306 851 dignitate
330 768 465 851 partam,
489 765 569 830 mire
593 766 660 830 suis
683 765 914 849 amplificatam
937 766 1077 852 scriptis,

52 853 250 938 praesertim
272 853 324 918 his
347 853 534 939 postremis,
557 853 678 940 insigni
702 853 856 939 doctrina,
879 853 1007 939 iudicio,
1031 855 1077 919 in·

117 942 149 1006 ὀ
174 941 314 1007 refertis.
347 941 453 1005 studia
475 942 729 1007 Bononiensium
753 943 873 1007 ciuium
896 943 989 1007 facile
1015 943 1078 1007 col·

65 1029 73 1043 ’
117 1035 142 1095 t
187 1028 305 1095 ciuitas
329 1030 415 1094 enim
438 1034 488 1094 est
510 1031 551 1094 ad
573 1031 809 1096 humanitatem
826 1031 916 1096 nulla
938 1052 1077 1116 propen-

52 1118 127 1184 sior.
174 1117 320 1202 Accedit,
343 1117 429 1201 quod
447 1123 504 1182 aut
527 1124 618 1203 petet
641 1119 729 1184 solus
752 1125 809 1184 aut
832 1141 904 1184 cum
923 1120 973 1205 iis,
997 1142 1077 1205 quos
1092 1141 1118 1183 rc

52 1227 158 1291 neque
182 1206 325 1271 nominis
343 1204 429 1270 fama
446 1229 551 1290 neque
569 1228 656 1293 uero,
678 1211 715 1272 ut
734 1228 753 1271 a
770 1208 935 1273 nonnullis
958 1209 1077 1295 accepi,

52 1295 239 1360 litterarum
267 1293 402 1359 scientia
429 1317 625 1381 magnopere
653 1298 861 1361 commendet.
911 1296 1076 1383 Bargaeus

52 1384 150 1468 enim,
174 1384 237 1468 οὐχ
261 1384 279 1450 ὁ
302 1385 412 1468 τυχὼν
430 1383 524 1468 ἀνήρ,
548 1384 766 1450 condicionem
788 1385 879 1450 illam
902 1390 988 1451 certe
1010 1408 1076 1451 non

52 1476 191 1558 spectat
251 1472 308 1555 qui
340 1472 426 1536 enim
457 1470 542 1536 Pisis
575 1472 758 1538 dominetur
790 1478 823 1538 et
855 1496 913 1538 sua
944 1474 1075 1558 uirtute,

52 1583 151 1646 quam
176 1560 328 1625 nouimus
351 1560 574 1643 excellentem,
602 1565 635 1625 et
657 1561 818 1644 Principis
842 1561 960 1648 gratia,
984 1563 1074 1627 cuius
1089 1583 1115 1624 rs

53 1650 88 1714 in
110 1649 237 1714 ditione
265 1653 361 1714 natus
390 1654 447 1734 est,
476 1671 540 1732 quo
568 1649 701 1714 consilio
730 1650 771 1713 ad
798 1671 849 1714 res
878 1671 980 1714 nouas
1009 1650 1074 1713 ani-

52 1759 142 1804 nrum
167 1737 322 1803 adiiciat?
349 1759 436 1823 ergo,
462 1737 490 1802 si
509 1737 674 1803 Bononiae
689 1736 850 1823 Sigonius,
868 1737 972 1820 uidae,
997 1737 1074 1821 quid

53 1831 219 1912 aquetur.
244 1825 305 1890 diis
323 1824 574 1910 hominibusque
593 1825 812 1909 probantibus
830 1826 864 1890 in
884 1825 953 1890 eius
966 1825 1074 1891 locum

52 1916 214 1981 1111111111.
254 1936 317 1998 quo
341 1914 421 1978 mihi
439 1914 523 1978 nihil
541 1919 626 1979 esset
649 1914 803 1998 optatius.
839 1937 914 1979 nam
933 1913 1074 1998 speciem

52 2003 153 2069 habet
177 2002 393 2069 Bononiensis
421 2002 565 2067 condicio
585 2002 760 2090 maiorem,
787 2008 824 2068 ut
846 2004 881 2068 in
904 2005 1115 2090 gymnasicus

52 2091 164 2158 ltaliae
189 2091 412 2176 celeberrimo,
436 2090 644 2156 emolumenti
663 2096 749 2157 certe
767 2092 853 2157 haud
871 2090 982 2175 paullo
1001 2091 1076 2175 plus

52 2181 145 2246 uideo
176 2180 232 2245 hic
259 2180 413 2245 futurum.
461 2184 559 2264 atque
587 2179 685 2245 etiam
709 2181 751 2245 'de
775 2179 933 2265 dignitate
956 2179 1076 2242 uidere.

52 2273 237 2335 tractantur
256 2269 387 2333 omnino
405 2267 533 2333 litterae
553 2268 753 2352 splendidius
771 2269 806 2332 in
825 2266 967 2351 publicis
984 2289 1076 2353 gym-

52 2358 151 2423 nasiis
178 2362 211 2422 et
236 2358 368 2421 docetur
391 2356 523 2422 deloco
547 2357 712 2441 superiore
731 2355 835 2420 uirtus
854 2354 974 2420 maiore
999 2376 1072 2420 cum

52 2447 163 2533 gloria.
203 2445 261 2510 sed
275 2445 487 2510 clarissimum
501 2445 711 2510 Venetiamm
728 2467 846 2509 nomen
866 2443 958 2529 quasi
976 2443 1072 2509 lumi·
1086 2466 1112 2508 aa

52 2536 146 2601 nibus
182 2533 327 2599 obstruit
362 2533 547 2598 Italicarum
579 2533 723 2598 omnium
750 2533 921 2598 ciuitatum
953 2536 985 2598 et
1019 2534 1073 2598 hic

54 2629 160 2689 ortum
190 2623 288 2687 deciis
321 2622 415 2687 facile
446 2627 556 2687 manat
589 2644 625 2686 ae
652 2621 843 2686 diffunditur
870 2643 929 2705 per
961 2643 1072 2686 omnes

53 2718 165 2799 gentes
200 2715 337 2795 propter
368 2710 464 2776 huius
497 2709 586 2774 urbis
623 2711 881 2775 communionem
914 2715 947 2774 et
979 2711 1071 2795 quasi

53 2802 243 2866 societatem
266 2821 340 2863 cum
363 2799 441 2864 orbe
464 2804 623 2864 terrarum
645 2798 805 2863 uniuerso.
841 2798 904 2863 Hic
926 2799 1018 2862 uenit
1037 2799 1071 2862 in

53 2895 209 2955 mentem:
239 2908 296 2951 cur
325 2892 362 2951 tu
394 2887 496 2973 igitur
522 2887 665 2973 migras?
701 2888 765 2950 alia
792 2887 875 2952 ratio
906 2891 963 2951 est,
1010 2907 1070 2971 ego
1084 2908 1111 2948 1ο

53 2980 167 3044 urbem
191 2976 316 3060 linquo,
339 2998 404 3040 non
423 2998 496 3040 cum
513 2977 595 3040 urbe
615 2975 874 3040 emolumentum.
912 2972 990 3057 quin
1008 2972 1071 3036 hoc

53 3086 151 3154 augeo
179 3065 396 3129 uehementer.
433 3064 523 3128 illam
546 3085 678 3147 prorsus
696 3063 844 3128 amittere
865 3081 932 3124 non
951 3058 1071 3145 uideor,

54 3156 123 3239 quia
148 3155 291 3219 Romam
320 3157 439 3237 specto.
490 3152 592 3217 habes
619 3173 724 3217 meam
748 3149 953 3237 sententiam,
984 3149 1071 3232 quod

54 3243 181 3327 quidem
210 3241 251 3305 ad
273 3264 325 3306 me
349 3242 473 3306 attinet.
519 3241 558 3304 de
581 3239 714 3327 Sigonio
738 3243 859 3323 autem,
890 3237 966 3322 quia
987 3238 1071 3303 nihil

55 3338 98 3397 ac
119 3338 193 3398 tam
216 3353 271 3395 am
295 3330 372 3415 lum,
397 3329 483 3414 quod
506 3329 575 3394 eius
597 3325 703 3392 uirtus
720 3351 786 3393 non
809 3332 934 3412 aequet,
957 3348 1070 3412 meam,
1084 3347 1110 3388 11

54 3426 86 3485 ut
108 3421 238 3506 opinor,
262 3353 495 3483 diuinationem
515 3418 621 3482 exitus
640 3438 706 3480 non
728 3417 827 3481 fallet.
863 3415 926 3481 nisi
946 3415 1070 3498 siquid

54 3509 199 3575 attulerit
224 3529 331 3594 casus,
360 3506 467 3590 qualia
494 3507 557 3571 fert
579 3503 747 3569 hominum
770 3504 847 3569 uita.
894 3505 932 3567 de
955 3501 1068 3567 Melini

101 3625 126 3665 P.
141 3622 246 3664 Manntfi
260 3621 377 3671 epistulae
391 3621 496 3661 11111111.
839 3612 855 3661 ὅ
