2400 3922
325 163 422 225 XLIV.
449 163 622 236 Hieronymo
641 166 806 238 Seripando.
1031 170 1074 236 93

10 316 20 365 ·'
52 325 272 410 spectauerit,
302 348 430 410 semper
457 349 585 393 omnem
608 350 700 412 spem
724 350 914 413 omnemque
937 330 1075 417 gloriam

10 448 22 491 =,
54 433 87 477 ec
119 413 320 479 felicitatem
356 415 390 480 in
427 437 491 481 uno
523 416 592 481 Deo
625 421 659 481 et
690 417 724 482 in
756 417 813 481 illa
844 417 974 484 caelesti
1005 421 1075 486 uita

54 506 139 567 recte
178 525 218 567 ao
250 502 459 568 laudabiliter
489 504 663 591 agentibus
701 504 869 589 proposita
900 506 1073 574 collocarit.

57 588 112 654 uui
136 595 218 656 sunt
242 591 387 656 occultae
410 591 575 657 mirabiles
597 593 672 657 illae
695 598 747 659 tot
770 615 927 659 annorum
954 596 1073 681 cogita-

55 677 174 762 tiones,
212 678 372 763 actiones,
408 681 576 746 conciones
613 682 713 746 tuae?
754 704 835 766 quae
872 682 900 748 si
936 682 1074 748 obscura
1100 706 1114 748 s

10 770 21 867 f
56 765 204 851 fuissent,
227 789 294 832 uno
313 767 370 833 illo
389 769 475 834 facto
497 769 903 855 illustrarentur'maxime,
925 792 999 835 curn
1017 771 1074 836 illa

10 870 22 913 ι’
57 853 283 921 Praefecturae
313 857 471 942 generalis
500 857 654 944 insignia,
684 880 766 943 quae
793 859 934 924 libenter
962 882 1073 926 omnes

59 949 243 1029 assumunt,
271 945 374 1009 multo
402 946 473 1030 ipse
499 945 657 1012 libentius
684 947 871 1031 deposuisti.
918 945 1074 1025 Quocirca

10 1108 13 1117 ,
58 1052 120 1096 non
147 1033 301 1116 equidem
328 1033 446 1120 magis,
476 1035 552 1118 quia
581 1033 758 1101 Gardinalis
785 1057 871 1100 nunc
898 1059 945 1122 es,
976 1059 1073 1122 quam

10 1122 12 1129 '
59 1119 130 1204 quia
149 1142 282 1205 semper
300 1121 346 1185 ita
364 1122 485 1208 uixisti,
505 1128 542 1188 ut
557 1121 774 1188 cardinalium
790 1122 934 1210 Collegio
954 1124 1072 1212 dignis·
1087 1148 1114 1189 ro

10 1255 14 1277 =.
58 1207 155 1274 umus
178 1230 283 1293 esses,
314 1211 453 1275 etmihi
476 1215 509 1276 et
532 1211 683 1277 omnibus
705 1211 891 1276 laetandum
914 1213 1070 1298 intellige.

58 1316 112 1361 nec
148 1319 229 1362 uero
263 1297 459 1384 singularem
491 1321 528 1365 ac
560 1299 703 1365 diuinam
733 1300 785 1365 Pii
816 1300 871 1365 IV.
903 1300 1071 1367 Pontificis

56 1382 139 1450 llax.
163 1386 360 1470 sapientiam
383 1387 533 1452 admirari
557 1393 589 1453 et
613 1389 725 1453 efferre
742 1389 894 1454 laudibus
917 1411 1070 1473 umquam

59 1472 211 1560 desinam,
246 1475 302 1558 qui
333 1480 483 1541 uexatam
514 1477 642 1542 assiduo
675 1499 849 1560 prauarum
880 1477 1070 1560 opinionum

59 1560 180 1645 impetu
203 1585 264 1627 nec
286 1563 439 1628 mediocri
468 1564 611 1648 periculo
635 1565 845 1631 fluctuantem
869 1564 1069 1629 Christianae
1084 1587 1112 1628 15

59 1649 133 1734 reip.
166 1673 285 1716 nauem
316 1651 519 1717 auctoritatis
555 1658 588 1718 et
625 1653 788 1718 doctrinae
820 1658 894 1717 tuae
927 1652 1069 1735 pondere

60 1739 314 1805 constituendam
337 1740 511 1824 putauerit.
552 1742 663 1827 itaque
685 1764 752 1806 non
774 1741 839 1805 iam
861 1740 934 1805 illas
957 1762 976 1804 a
999 1762 1068 1824 sep-

59 1827 216 1892 tentrione
239 1828 412 1893 horribiles
439 1829 610 1915 procellas,
637 1851 656 1893 a
684 1829 802 1913 quibus
825 1833 920 1893 antea
942 1830 1067 1893 naufra-

60 1915 144 2000 gium
162 1916 350 2001 impendere
368 1917 549 2003 uidebatur,
567 1918 704 2002 posthac
720 1918 915 1982 timebimus,
938 1917 998 1982 Pio
1012 1915 1068 1984 IV.

60 2005 266 2090 gubernante,
291 2005 376 2090 quod
395 2006 519 2070 utinam
542 2006 652 2071 diuina
675 2007 861 2093 benignitas
880 2007 1068 2071 diuturnum
1082 2029 1109 2070 ro

61 2111 122 2157 esse
141 2093 295 2178 patiatur,
317 2098 383 2177 tua,
405 2092 590 2180 Seripande,
612 2098 806 2179 tuorumque
830 2094 983 2159 similium
1005 2116 1067 2177 ope

10 2214 12 2219 ·
59 2200 177 2246 summa
200 2181 435 2266 tranquillitate
463 2183 673 2266 perfruemur.
719 2184 752 2247 id
775 2188 808 2247 et
831 2187 980 2266 speratur
1003 2181 1067 2244 iam

59 2267 173 2334 indicto
208 2270 366 2355 Concilio,
403 2271 489 2354 quod
525 2271 656 2336 unicum
690 2271 790 2336 tantis
822 2270 915 2334 malis
950 2268 1067 2333 eximia

58 2357 1067 2534 ipffilfflilrrilniifiiilirgllienllaaleliluiemmliiii'
1080 2467 1106 2509 2⁵

10 2514 13 2593 i
58 2537 121 2600 turn
144 2535 261 2601 ducere
278 2535 384 2620 liceat,
407 2556 480 2600 cum
499 2498 644 2601 sublatas
667 2537 702 2601 in
720 2540 914 2620 perpetuum
937 2535 1066 2600 exitiosi

10 2618 12 2623 ’
59 2621 176 2689 discidii
201 2645 342 2709 caussas,
366 2645 463 2689 unam
486 2624 520 2689 in
544 2625 704 2690 communi
728 2624 832 2688 salute
855 2624 1065 2724 uoluntatem,

58 2732 156 2867 ltu
181 2713 1002 2885 uitullus,Ptssitffsdbfflpllllltu
1020 2734 1065 2863 ἓξ

56 2885 109 2955 hac
140 2890 212 2956 uita
245 2888 412 2954 discedam.
471 2888 605 2954 Interim
637 2891 726 2955 fruar
759 2889 999 2974 exspectatione
1032 2889 1105 2949 etro

56 2976 111 3042 tbi
137 2978 270 3062 tuisque
298 2978 489 3062 uirtutibus,
519 3000 598 3062 quas
627 2999 737 3043 omnes
764 2978 909 3059 laudant,
939 2974 1064 3038 utinam

55 3063 169 3132 imitari
192 3067 289 3132 multi
313 3066 443 3150 uellent,
467 3087 545 3151 eam,
570 3088 666 3151 quam
689 3067 800 3146 debe0,
824 3059 1063 3128 obseruantiam

56 3151 375 3239 beneuolentiamque
416 3156 598 3237 praestabo.
648 3154 737 3219 Vale.
785 3149 932 3217 Venetiis
974 3147 1063 3232 [uere

55 3243 122 3308 aar
144 3242 309 3328 uranu.

138 3425 154 3474 2
174 3418 387 3475 ‘Praefecturae
406 3416 559 3487 generalis'
581 3414 688 3470 ordinis
707 3411 937 3482 Augustinorum.
