2430 3922
146 197 214 263 104
391 245 405 261 ,
487 193 813 250 marannis.

148 360 246 423 etiam
276 358 430 422 adiuuare
462 363 640 443 cogeretur.
684 356 813 421 Patauii
844 355 900 419 diu
926 355 1025 440 uixit,
1056 375 1166 439 quarn-

149 470 245 532 quam
278 452 347 511 erat
377 447 494 511 habitu
526 451 661 510 naturae
688 466 791 528 prope
818 443 943 529 diuino,
971 443 1168 508 liberalibus

148 542 257 601 tamen
280 534 460 620 disciplinis
478 534 688 598 uehementer
705 533 845 616 deditus3
867 536 992 596 etcum
1014 532 1165 616 eloquen-

149 626 215 689 tiae
237 628 336 708 atque
358 623 584 707 philosophiae
606 622 678 705 pari
697 621 804 685 studio
821 620 1016 706 flagrauerit,
1040 620 1075 684 in
1094 625 1168 684 utra

122 719 258 778 stamen
280 713 385 796 magis
404 711 565 796 enituerit,
586 732 653 774 non
670 709 765 773 facile
783 714 833 774 est
855 709 1048 773 existimare.
1086 708 1168 773 illud

150 807 237 867 certe
260 804 400 885 constat,
423 799 479 882 qui
502 799 557 862 uel
578 798 712 862 meliora
735 798 790 861 uel
812 797 975 862 ornatiora
1000 796 1169 882 scriberet,

150 890 211 954 hac
232 888 400 953 hominum
422 886 577 951 memoria
598 886 745 950 extitisse
762 886 933 950 neminem.
968 906 1166 970 quamquam

151 977 236 1040 idei
264 975 469 1059 propositum
491 974 568 1059 fuit,
600 997 639 1039 eo
668 975 788 1039 direxit
814 972 1029 1060 cogitationes
1056 996 1169 1039 omnes

151 1069 248 1147 atque
262 1084 364 1150 curas,
381 1068 419 1127 ut
432 1062 658 1147 philosophiae
677 1063 845 1127 scientiam
861 1085 928 1127 non
945 1067 1013 1126 tarn
1028 1063 1170 1148 scriptis,

112 1176 139 1214 ιι
153 1174 249 1236 quam
281 1151 351 1216 uita
380 1151 571 1216 ostenderet.
616 1152 726 1234 itaque
753 1151 857 1216 maior
884 1156 982 1236 atque
1012 1151 1170 1216 excelsior

152 1239 280 1304 Patauii
303 1240 338 1303 in
360 1240 451 1304 tenui
474 1245 507 1304 et
527 1239 644 1304 humili
667 1241 797 1304 fortuna
819 1239 896 1321 fuit,
918 1261 1015 1323 quam
1038 1261 1114 1304 cum
1136 1239 1169 1303 in

152 1329 268 1414 Regno
292 1329 444 1392 omnibus
467 1328 569 1412 copiis
592 1332 625 1392 et
648 1328 752 1412 ipsius
773 1328 913 1392 maxime
935 1327 1037 1414 Regis
1064 1328 1171 1414 gretia

153 1418 290 1481 floreret.
337 1415 410 1503 Hic,
431 1416 485 1480 hic
507 1415 660 1481 nimirum
683 1438 779 1481 uerus
802 1421 851 1481 est
874 1439 911 1481 ac
933 1416 1171 1500 praestantissi-

153 1527 226 1569 mus
249 1504 446 1589 optimorum
474 1505 654 1569 studiorum
681 1506 818 1590 fructus,
846 1505 873 1569 si
897 1506 970 1588 quis
996 1527 1016 1569 a
1039 1527 1073 1569 se
1097 1505 1169 1589 ipso

114 1616 139 1656 15
154 1593 310 1680 pendeat,
342 1593 369 1658 si
396 1598 579 1677 temporum
611 1593 849 1657 uicissitudines
875 1616 942 1658 non
971 1594 1173 1678 extimescat,

154 1683 181 1747 si
205 1682 358 1747 aduersus
385 1682 553 1746 hominum
576 1681 765 1765 iniquitates
792 1682 1005 1765 fortunaeque
1036 1681 1172 1746 iniurias

153 1771 278 1835 ratione
297 1775 330 1834 et
353 1770 474 1833 uirtute
497 1774 630 1855 pugnet.
676 1791 772 1853 quam
795 1770 830 1834 in
851 1770 932 1835 Polo
955 1771 1170 1835 constantiam

155 1863 187 1921 et
210 1857 402 1941 sapientiam
425 1857 524 1920 fiiisse
547 1857 620 1941 quis
641 1857 793 1943 ignorat?
828 1858 1018 1923 metuendae
1042 1863 1172 1923 eranta

154 1945 244 2030 Rege
281 1948 339 2027 pot
341 1948 395 2007 ent
325 1945 507 2008 ttissimo
534 1945 684 2030 insidiae,
707 1946 879 2011 metuenda
906 1947 969 2031 uie,
996 1952 1172 2031 propterea

116 2032 242 2116 acquod
264 2037 414 2115 suscepta
380 2032 599 2096 tllcclesiae
622 2055 733 2098 caussa
755 2034 920 2099 luculento
942 1999 999 2099 illo
1028 2036 1067 2099 de
1091 2036 1173 2101 Pon·

155 2120 252 2186 tificis
275 2121 465 2185 auctoritate
489 2121 602 2186 libello
625 2126 811 2206 susceptum
757 2123 932 2187 umsimul
954 2145 974 2186 a
992 2145 1026 2187 se
1050 2125 1171 2210 grauis-

102 2254 107 2262 ·
156 2210 273 2275 simum
292 2210 360 2274 eius
379 2209 488 2274 odium
506 2210 720 2295 intelligebat.
757 2210 965 2275 deserebatur
984 2211 1082 2276 etiam
1097 2234 1175 2297 quo·

155 2299 235 2363 tidie
257 2298 362 2384 magis
390 2320 409 2361 a
431 2321 465 2362 re
489 2299 680 2381 domestica,
707 2299 846 2363 fortunis
870 2299 1019 2364 exclusus
1043 2301 1173 2385 amplis-

157 2386 255 2450 simis.
300 2408 395 2451 nemo
423 2391 532 2450 tamen
558 2409 632 2451 eum
660 2387 782 2451 deiecto
748 2392 869 2452 taut
899 2388 1038 2453 demisso
1071 2389 1176 2454 sensit

116 2495 141 2535 ιι
157 2495 226 2537 esse
254 2474 373 2557 animo,
400 2496 495 2538 nemo
523 2475 606 2538 uidit
634 2498 787 2560 umquam
814 2476 957 2541 tristiore
988 2477 1092 2543 uultu.
1137 2477 1172 2541 in

156 2561 399 2645 sermonibus,
390 2584 425 2624 ιιι
448 2567 581 2626 consuet
567 2563 720 2645 tudine,
711 2587 746 2627 ιιι
765 2565 925 2649 conuictu,
943 2565 978 2628 in
996 2570 1067 2630 tota
1086 2566 1173 2631 deni'-

157 2670 219 2733 que
242 2648 328 2712 uitae
355 2648 480 2713 ratione
503 2651 773 2803 tranquillitatem
796 2653 927 2738 mentis,
951 2676 1048 2738 quern
1070 2655 1175 2719 habu

157 2741 225 2801 erat
244 2740 347 2822 an,tea
369 2743 528 2821 perpetuo
547 2744 597 2803 ret
598 2739 690 2804 inuit.
735 2741 804 2806 Nec
819 2743 956 2827 defuere,
980 2765 1062 2826 quae
1081 2765 1174 2808 num·

157 2847 254 2910 quam
276 2831 462 2909 sperauerat
485 2849 522 2891 ac
544 2850 585 2891 ne
612 2829 684 2914 cogi
686 2833 812 2893 tauerat
835 2831 1054 2931 quidem,tan
1012 2831 1099 2896 antis
1054 2832 1174 2896 tde·

116 2937 143 2976 ac
157 2915 227 2979 bita
250 2914 428 2979 uirtutibus
451 2916 602 3000 praemia.
647 2939 722 2981 nam
745 2940 818 2982 curn
841 2919 888 2983 ita
911 2919 1049 3004 uiueret,
1078 2921 1174 2984 utin

157 3026 221 3070 uno
245 3003 314 3068 Deo
338 3003 446 3068 omnia
468 3009 618 3106 poneret,
647 3010 764 3090 cetera,
793 3028 874 3090 quae
898 3008 1051 3072 mortales
1074 3009 1174 3072 admi-

157 3097 278 3176 rantur,
300 3092 437 3176 infirma,
460 3093 618 3179 caduca,
609 3094 717 3158 mania
741 3058 879 3180 duceret,
902 3117 1039 3180 cumque
1062 3096 1098 3160 ιιι
1117 3096 1176 3160 illa

156 3180 217 3244 Pat
203 3181 307 3245 tauini
330 3181 491 3266 gymnasii
515 3146 716 3268 celebritate,
740 3182 923 3248 domesticis
946 3184 1005 3248 οιιι
1029 3184 1080 3248 sui
1103 3185 1174 3248 fini-

158 3267 219 3331 bus
242 3290 303 3332 con
304 3273 422 3354 t,entus
444 3292 620 3354 paucorum
644 3235 816 3336 adnlodum
844 3277 976 3337 consuet
962 3272 1074 3337 tudine
1105 3278 1174 3337 ute·

118 3377 143 3417 as
158 3359 260 3440 retur,
288 3356 418 3421 breuit
404 3362 528 3444 tamen,
556 3363 592 3423 ut
578 3359 679 3424 tsibi
703 3360 790 3424 uiam
813 3361 906 3425 facile
930 3361 1035 3426 uirtus
1057 3362 1178 3448 aperit,

157 3443 204 3507 ita
225 3445 370 3520 manauit
356 3447 479 3509 tfama
507 3412 546 3510 de
574 3447 756 3512 admirabili
784 3449 853 3514 eius
880 3449 1066 3535 prudentia,
1093 3454 1175 3515 tem-

158 3533 317 3619 perantia,
345 3533 445 3598 doct'
404 3539 501 3622 trina,
529 3539 565 3598 ut
551 3536 633 3599 tad
660 3559 752 3602 aures
775 3538 867 3602 Pauli
890 3536 944 3603 ΠΙ.
967 3538 1062 3603 Ροιιι.
1086 3539 1178 3606 Max
