2400 3922
120 134 163 198 74
420 133 548 195 XXXIV.
567 133 710 205 Stephano
729 133 836 195 Saulis.

118 295 228 360 doctos
257 317 433 382 eorumque
461 297 568 362 studia
594 297 684 362 nullo
707 300 764 361 tuo
793 297 1001 365 incommodo
1027 301 1134 384 possis.

116 383 195 447 hacc
223 405 296 450 cum
324 386 359 450 in
388 390 421 450 11
449 386 515 451 sint
547 385 655 449 omnia
683 407 797 471 eaque,
828 390 866 451 ut
897 408 960 473 ego
989 389 1134 474 arbitror,

116 493 251 557 summa,
273 494 339 538 non
362 474 496 538 minima
520 473 649 557 quidem
672 479 772 559 certe,
795 475 942 540 abstines
965 480 1077 543 tamen
1098 479 1134 543 ab

116 561 178 626 hoc
201 583 332 626 munere
352 566 385 626 et
406 561 546 625 hortaris
564 560 645 624 11101
662 561 754 626 nulla
772 563 835 627 tibi
853 586 888 627 re
907 570 1134 649 praeterquam

91 650 287 722 ouoluntate
319 654 351 714 ct
387 649 493 714 studio
523 648 741 714 conferendos.
790 650 869 727 Quis
902 674 972 718 non
1004 655 1132 722 miretur

119 740 209 804 sitire
241 739 367 804 fontes?
414 737 528 802 sitiunt
560 737 646 801 enirn
683 743 783 824 certe,
816 762 889 804 cum
928 745 967 806 tu
1003 743 1087 827 petis
1114 765 1130 809 a

117 851 169 894 me
198 833 363 911 tamquam
387 848 426 890 ex
454 825 543 890 arido
576 826 653 912 1110,
679 827 767 911 quod
795 827 827 892 in
857 834 890 893 te
919 830 992 915 ipso
1017 832 1129 896 uberri-

117 938 205 981 mum
238 937 305 980 esse
338 918 478 1001 constat,
515 919 547 979 et
584 937 657 980 cum
689 916 729 979 ad
760 921 907 982 nostram
944 919 1057 1003 potius
1091 921 1128 984 in·

116 1005 225 1088 opiam
260 1004 451 1090 confugere,
491 1025 588 1087 quam
624 1004 690 1068 tuis
726 1005 828 1089 copiis
865 1006 914 1071 uti
953 1008 1014 1077 uis,
1067 1009 1127 1077 Hoc

78 1112 103 1153 ro
116 1093 188 1157 1011
217 1091 297 1156 mihi
324 1092 415 1157 uenit
443 1092 477 1156 in
504 1097 664 1179 mentem,
696 1097 787 1157 tuam
819 1116 950 1179 quoque
984 1118 1126 1182 caussam,

115 1204 181 1246 non
208 1180 303 1245 modo
331 1203 444 1266 meam,
468 1181 646 1265 meditanti,
670 1182 756 1266 quod
780 1185 818 1246 tu
843 1183 984 1248 fortasse
1007 1208 1127 1270 respon·

116 1270 200 1335 deas.
249 1269 440 1355 Distingues
467 1268 523 1333 1111
556 1269 735 1354 superiora,
766 1271 905 1356 negabis
938 1273 975 1337 in
1006 1279 1040 1338 11
1071 1297 1125 1340 uno

116 1380 185 1422 1111
217 1357 341 1442 omnia,
374 1381 455 1443 quae
492 1358 559 1421 dixi
592 1380 660 1423 esse
693 1358 731 1422 de
763 1358 880 1423 Latina
914 1361 1031 1447 lingua
1062 1362 1125 1428 seri-

115 1446 270 1513 bentibus
290 1447 477 1512 necessaria.
513 1448 551 1510 de
573 1447 703 1512 fortuna
725 1448 898 1513 concedes:
924 1455 1020 1534 patet
1039 1452 1125 1534 enim3

74 1555 101 1597 1⁶
116 1535 226 1620 etiam,
260 1535 389 1621 opinor,
427 1537 465 1600 de
497 1535 695 1619 ualetudine,
728 1535 766 1600 de
800 1536 880 1620 otio;
911 1537 1037 1624 ingenii
1068 1540 1123 1604 lau·

115 1624 187 1690 dem
211 1628 243 1688 et
272 1624 445 1707 doctrinae,
469 1646 549 1710 quae
574 1630 630 1689 tua
648 1624 804 1689 modestia
828 1630 886 1711 est,
916 1627 978 1690 abs
1002 1633 1036 1692 11
1063 1627 1124 1693 reii-

114 1712 187 1796 cies,
210 1713 347 1778 fortasse
371 1714 477 1798 etiam,
501 1735 581 1797 quae
601 1713 650 1777 tui
669 1717 717 1777 est
740 1713 774 1776 in
796 1735 847 1776 me
872 1714 972 1778 animi
997 1738 1124 1800 propen-

114 1801 171 1886 sio,
195 1823 276 1884 quae
294 1802 488 1885 humanitas,
507 1802 546 1864 ed
568 1824 620 1867 me
639 1801 820 1866 transferes.
856 1801 971 1867 Nolim
986 1805 1124 1888 equidem

112 1893 235 1973 tecum,
270 1889 371 1974 Sauli,
402 1911 442 1952 ne
476 1889 510 1952 in
544 1894 600 1953 tua
637 1890 767 1972 quidem
802 1890 896 1954 laude
929 1894 1123 1958 contendere.

72 2000 99 2040 10
112 1999 240 2062 uerum,
269 1978 355 2060 quod
378 1981 414 2040 tu
437 1977 518 2041 mihi
542 1978 580 2040 de
604 1977 731 2061 teipso
755 2000 818 2042 non
851 1979 974 2063 credes,
1004 1982 1124 2046 credent

113 2066 169 2131 alii
199 2087 375 2149 uerumque
404 2066 595 2130 fatebuntur
617 2065 746 2130 adducti
774 2067 808 2131 in
830 2067 914 2131 hanc
937 2071 1124 2135 sententiam

113 2177 151 2220 ac
174 2155 269 2240 plane
293 2154 487 2239 confirmati,
514 2176 580 2219 non
608 2159 675 2218 tam
699 2155 890 2219 auctoritate
919 2180 1006 2242 11111,
1036 2181 1124 2243 quam

112 2249 230 2329 tamen,
253 2243 289 2307 in
301 2242 353 2306 his
377 2244 566 2327 praesertim
585 2243 839 2329 elegantioribus
857 2244 987 2329 litteris,
1011 2248 1045 2312 111
1064 2247 1124 2331 qui·

112 2331 175 2396 bus
198 2333 262 2395 iam
285 2334 336 2394 tot
359 2353 460 2396 annos
487 2354 611 2415 uersor,
637 2354 703 2396 non
731 2354 799 2396 esse
821 2332 945 2398 nullam
973 2335 1125 2421 intelligo,

71 2440 97 2483 25
112 2441 210 2504 quam
232 2424 290 2483 tuo
308 2419 412 2501 ipsius
431 2421 627 2502 testimonio,
650 2420 737 2502 quod
754 2420 854 2484 habet
872 2422 1026 2505 ponderis
1045 2423 1125 2508 apud

112 2509 216 2573 bonos
244 2511 277 2572 et
309 2506 471 2590 sapientes
498 2507 585 2571 uiros
614 2507 649 2569 111
676 2507 763 2570 omni
791 2530 825 2571 re
856 2509 1043 2592 plurimum.
1088 2517 1127 2594 te,

111 2596 256 2680 inquam,
277 2596 349 2680 ipso
373 2599 456 2658 teste
480 2594 649 2679 locuplete,
673 2594 723 2658 cui
747 2595 827 2660 fides
850 2597 1001 2663 habenda
1025 2601 1125 2666 uidea-

111 2689 173 2770 tur,
196 2684 345 2768 probabo
369 2687 460 2747 tuam
482 2683 645 2747 uirtutem.
684 2681 814 2748 Oblitus
837 2707 877 2748 ne
906 2708 940 2750 es
969 2692 1027 2753 aut
1051 2689 1126 2753 obli·

110 2777 182 2838 tum
204 2794 256 2836 1111
279 2775 376 2855 putas
394 2770 482 2835 illius
505 2771 669 2855 temporiS,
692 2794 765 2836 cum
783 2778 820 2836 tu
838 2773 959 2838 librum
978 2780 1072 2842 tuum
1091 2777 1126 2840 de

71 2885 98 2924 eo
112 2861 241 2926 homine
266 2859 448 2924 Christiano
471 2859 552 2924 mihi
576 2860 768 2927 ostendisti?
798 2863 882 2926 bone
905 2862 1007 2948 Deus,
1033 2888 1128 2949 quam

112 2952 147 3016 in
170 2951 226 3016 illo
249 2949 351 3014 multa
373 2947 545 3032 praeclara,
564 2948 655 3014 cuius
674 2950 858 3035 industriae,
882 2951 972 3015 cuius
991 2954 1128 3036 pruden-

112 3041 191 3124 tiae,
214 3061 310 3124 quam
332 3040 405 3101 ate
429 3037 590 3121 grauiter,
614 3061 710 3122 quam
734 3040 874 3122 copiose,
902 3061 998 3123 quam
1023 3043 1128 3125 splen-

112 3128 185 3191 dide
222 3131 367 3192 tractata.
415 3146 520 3209 neque
555 3146 632 3190 uero
666 3149 726 3210 ego
757 3148 839 3190 unus
869 3126 961 3191 illum
996 3128 1127 3214 librum,

110 3214 221 3278 uidere
240 3215 304 3300 alii,
328 3213 419 3298 uidit,
442 3213 497 3296 qui
516 3212 567 3276 uir
586 3218 618 3276 11
637 3215 790 3295 quantus!
813 3213 1012 3298 Reginaldus
1026 3217 1128 3282 Polus

69 3323 96 3364 11
111 3301 302 3385 Cardinalis,
331 3301 387 3385 qui
414 3306 524 3385 potest
552 3323 620 3365 esse
648 3300 750 3364 instar
778 3302 934 3385 omnium,
963 3327 1060 3387 quern
1090 3312 1127 3371 tu

110 3391 257 3474 profecto
281 3390 419 3455 iudicem
442 3390 477 3455 in
499 3412 533 3455 re
557 3394 613 3454 tua
630 3410 806 3472 numquam
829 3392 1001 3455 recusabis.
1039 3394 1127 3458 hunc

112 3501 174 3565 ego
210 3479 332 3563 audiui,
365 3479 517 3545 audiuere
548 3477 656 3561 multi,
684 3477 722 3539 de
755 3481 812 3541 tuo
845 3479 1005 3544 interdum
1038 3481 1126 3546 libro
