2400 3922
381 107 456 163 Vlll.
484 107 638 162 Benedicto
656 106 781 165 Accolto.
1048 111 1089 174 15

32 285 43 311 1
105 266 201 352 cordor,
227 268 391 333 interdum
420 291 546 354 uereor,
575 274 620 334 ut
643 269 747 354 possit
775 269 957 335 consistere.
998 271 1089 337 Vale·

32 406 36 431 2
104 350 218 420 Venetis
241 355 453 422 MDXXXIX.

535 691 621 757 VIII.

95 826 282 897 Benedicto
307 831 468 929 Accolto
494 831 690 898 cardinali
712 833 931 899 Ferrariam
960 837 1085 918 (IV,38).
1114 857 1128 898 5

162 972 241 1037 Cum
260 973 401 1058 primum
414 973 569 1038 Venetiae
587 973 719 1059 reuerti,
743 975 804 1038 etsi
823 997 909 1039 eram
929 979 961 1038 et
984 975 1086 1040 fessus

90 1059 273 1144 aliquantum
296 1061 407 1126 deuia
427 1066 459 1126 et
478 1085 515 1126 eo
533 1063 658 1149 morbo,
681 1063 736 1146 qui
755 1085 806 1127 me
824 1063 990 1128 Ferrariae
1009 1064 1087 1129 satis

88 1149 214 1234 grauiter
238 1150 366 1236 afflixit,
388 1151 532 1215 nondum
555 1150 651 1234 plane
673 1152 808 1237 leuatus,
832 1156 941 1216 tamen
963 1153 1086 1237 magni-

87 1238 150 1303 tudo
171 1260 262 1303 meae
286 1238 376 1303 inte
400 1239 625 1303 obseruantiae
653 1243 790 1324 tuaeque
818 1239 852 1304 in
874 1262 925 1304 me
949 1240 1087 1304 beneuo-

86 1323 188 1390 lentiae
221 1326 400 1391 recordatio
424 1350 475 1390 me
504 1327 677 1411 adduxere,
709 1331 746 1391 ut
774 1328 814 1391 ad
841 1333 873 1392 te
903 1328 1085 1393 scriberem.
1101 1357 1128 1396 10

86 1436 137 1498 quo
159 1436 278 1501 genere
302 1415 402 1480 officii
425 1438 523 1499 quam
545 1416 625 1479 mihi
650 1438 745 1500 saepe
769 1416 856 1499 apud
878 1421 911 1480 te
935 1417 977 1480 sit
996 1422 1086 1481 uten-

85 1501 155 1586 dum,
177 1503 337 1589 intelligo.
373 1526 449 1568 nam
468 1526 541 1569 cum
565 1526 602 1569 eo
622 1504 694 1588 ipso
714 1505 773 1589 die,
797 1527 861 1588 quo
881 1505 961 1568 mihi
980 1506 1086 1569 aditus

85 1591 115 1654 ad
135 1597 224 1657 tuam
248 1592 425 1657 amicitiam
447 1593 565 1677 patuit,
588 1593 626 1657 de
645 1593 726 1656 meis
745 1593 921 1656 commodis
940 1597 972 1656 01
996 1615 1085 1656 orna-

84 1681 187 1744 mentis
210 1703 278 1745 non
302 1681 444 1766 cogitare
469 1682 587 1765 solum,
615 1682 672 1746 sed
694 1702 788 1766 agere
813 1680 910 1744 etiam
933 1681 1086 1764 coeperis,

85 1769 211 1851 omnino,
235 1768 263 1833 si
283 1769 382 1833 uelim
400 1770 442 1853 id,
466 1771 552 1854 quod
570 1771 710 1834 maxime
729 1769 812 1835 uelle
832 1769 943 1852 debeo,
967 1769 1086 1852 quibus
1101 1797 1127 1847 15

84 1877 124 1920 nc
145 1857 261 1922 studiis
290 1878 308 1921 a
332 1858 472 1940 pueritia
495 1857 615 1941 dedidi,
638 1859 678 1922 iis
701 1858 815 1922 haberi
835 1857 1086 1947 101111111111,
1109 1854 1134 1892 '¹

32 1972 34 2007 1
84 1943 244 2031 diligenter
271 1945 410 2009 ineunda
438 1946 518 2009 mihi
545 1940 910 2030 rati0”est,”'‘iit“'istam
932 1942 1024 2010 tuam
1046 1947 1086 2009 ad
1114 1937 1124 1958 ⁶

84 2053 124 2096 me
137 2033 321 2120 augendum
340 2038 407 2097 tarn
425 2056 621 2118 propensam
636 2034 837 2098 uoluntatem
852 2035 984 2117 plurimi
999 2035 1085 2117 apud

83 2141 125 2184 ne
146 2126 178 2185 et
200 2143 271 2186 esse
290 2126 323 2186 et
342 2143 469 2205 semper
487 2122 556 2186 fore
576 2122 762 2209 significem.
809 2122 842 2185 id
859 2123 920 2185 hoc
939 2127 1085 2203 tempore

83 2208 135 2272 nisi
152 2210 273 2274 litteris
291 2209 457 2274 mittendis
476 2232 540 2294 qua
558 2232 593 2274 re
612 2209 675 2275 alia
694 2230 880 2294 consequar,
897 2231 964 2273 non
982 2208 1084 2274 uide0.
1099 2238 1127 2277 ao

83 2295 260 2363 facultatem
283 2298 438 2362 maiorem
461 2299 488 2363 si
513 2320 666 2383 umquam
684 2302 798 2362 nactus
821 2320 885 2381 ero,
908 2298 1085 2363 arctissime

82 2385 268 2470 complectar
295 2403 400 2470 neque
427 2386 589 2450 dimittam
616 2387 720 2472 prius,
752 2410 848 2471 quam
875 2387 938 2451 tibi
972 2387 1086 2452 saltem

81 2473 180 2558 aliqua
203 2497 243 2538 ex
267 2479 360 2559 parte
383 2475 574 2558 persoluam.
613 2475 699 2558 quod
717 2475 840 2539 interea
864 2499 952 2540 ame
976 2476 1086 2539 deberi

79 2581 138 2625 101
155 2563 261 2627 solum
278 2585 346 2627 non
364 2562 540 2647 dissimulo,
559 2563 614 2627 sed
633 2563 732 2627 etiam
750 2564 837 2648 apud
856 2587 966 2628 omnes
984 2564 1085 2627 liben-

79 2649 195 2715 tissime
222 2651 383 2734 praedico.
434 2650 518 2727 Quid
546 2651 632 2715 enim
663 2651 744 2715 mihi
773 2675 841 2716 esse
868 2657 991 2737 potest,
1020 2658 1126 2735 101115

77 2736 174 2802 dicam
196 2739 373 2822 honestius,
396 2741 451 2804 sed
474 2739 656 2825 gloriosius,
680 2762 777 2823 quam
799 2744 845 2823 te,
868 2741 975 2805 uirum
998 2739 1095 2819 omni!
1135 2808 1155 2832 Λ

76 2848 187 2911 genere
211 2827 345 2891 uirtutis
369 2828 592 2912 excellentem,
621 2849 746 2891 summa
776 2828 935 2914 dignitate
963 2827 1096 2911 praedi-³
1147 2830 1151 2841 '

74 2918 150 2999 tum,
172 2915 321 2979 acerrimi
348 2915 382 2979 in
404 2916 592 2981 hominibus
616 2917 846 3002 cognoscendis
869 2916 995 2997 iudicii,
1016 2914 1097 3003 nul-³,
1150 2912 1156 2941 '

73 3001 139 3067 lum
161 3003 261 3068 officii
285 3025 388 3089 genus
415 3008 472 3068 aut
504 3003 616 3088 studii,
644 3005 730 3088 quod
758 3004 887 3088 quidem
914 3003 954 3065 ad
981 3014 1099 3076 meam}

72 3091 138 3165 siue
159 3092 340 3156 utilitatem
364 3091 432 3156 siue
455 3092 583 3156 laudem
607 3093 780 3177 pertineat,
804 3090 1085 3176 praetermittere?
1099 3117 1125 3157 ao

70 3180 253 3246 mehercule
280 3180 370 3244 nulla
398 3203 449 3245 res
472 3181 550 3264 fuit,
581 3202 661 3263 quae
688 3203 748 3245 nos
777 3181 818 3244 ad
846 3180 1022 3264 probItatis
1052 3185 1085 3244 et

70 3268 232 3334 doctrinae
262 3268 451 3352 opinionem
478 3268 700 3333 commendare
728 3269 833 3354 magis
861 3274 980 3353 posset.
1027 3269 1084 3332 ita-

70 3379 141 3444 que,
168 3358 258 3443 quod
285 3362 360 3422 ante
391 3357 550 3421 faciebam
578 3356 753 3421 domestico
781 3362 908 3422 tantum
936 3357 1084 3437 exemplo

69 3451 261 3532 commotuS,
285 3451 323 3510 ut
347 3468 406 3530 per
430 3468 500 3510 eam
524 3446 623 3530 uiam,
652 3467 748 3529 quam
771 3446 851 3510 mihi
879 3448 972 3528 pater
994 3463 1085 3505 meus
1184 3452 1198 3541 1
