2400 3922
107 140 172 208 100
448 135 542 191 1111.
562 134 608 188 ie
626 133 710 194 Pium
728 133 777 190 1v.

103 302 191 368 atad
202 305 352 386 posteros
366 320 495 384 quoque
506 295 684 383 perueniat,
695 296 751 360 hic
766 295 831 361 sibi
846 299 971 360 certam
985 294 1110 361 omniun

104 412 214 456 rerum
250 411 287 454 ac
319 389 524 454 fortunarum
557 407 688 452 suarum
720 384 830 449 sedem
864 383 1111 467 domiciliumque

107 479 323 544 const'tuunt.
373 499 424 542 mc
458 475 587 559 quidem
618 473 780 557 Venetiis,
812 472 995 555 domestico
1027 470 1113 556 patris

106 568 172 633 mei
196 565 413 633 restituendae
436 561 640 646 antiquitatis
663 561 816 626 instituto
838 565 872 626 et
890 561 1029 626 honeste
1050 559 1114 625 satis

80 661 143 724 set
166 655 334 721 commode
361 653 526 717 uiuentem
553 649 701 733 nihilque
725 649 847 735 minus,
877 672 979 733 quam
1009 649 1045 714 de
1070 647 1115 713 ni·

108 744 257 833 gratiane
284 741 494 828 cogitantem,
526 738 650 822 quippe
678 759 753 803 cum
782 738 824 802 ab
860 737 1005 824 egregiis
1036 757 1116 820 saepe

109 832 299 899 ciuitatibus
313 834 410 912 atque
425 828 504 892 adeo
523 849 542 891 a
561 825 786 910 superioribus
794 825 1016 892 Pontificibus
1034 822 1116 890 semel

109 926 143 985 ct
169 921 288 983 iterum
320 916 445 1000 optima
477 915 636 979 inuitatus
669 914 874 1000 condicione,
906 915 994 980 nihil
1025 919 1116 980 tamen

108 1027 262 1089 umquam
288 1004 367 1069 noui
390 1003 518 1068 consilii
542 1003 709 1089 cepissem,
733 1003 782 1067 tui
805 1002 1027 1068 Pontificatus
1046 1002 1116 1066 fane

70 1122 96 1161 ιο
108 1095 247 1159 Romam
274 1092 368 1156 facile
397 1091 559 1176 perduxit.
609 1113 686 1156 nam
712 1113 786 1155 cum
813 1091 857 1155 ab
892 1112 1023 1156 summo
1052 1090 1118 1172 uiro,

108 1181 310 1266 Hieronymo
334 1179 527 1265 Seripando,
555 1180 607 1245 cui
630 1184 687 1243 tua
710 1179 872 1262 sapientia
897 1180 1047 1245 debitum
1066 1179 1119 1242 ian

109 1270 237 1355 pridem
261 1261 330 1334 eius
352 1269 536 1355 integritati
560 1273 657 1352 atque
677 1267 842 1332 doctrinae·
860 1268 897 1333 in
916 1267 1120 1334 Cardinelium

110 1358 249 1444 collegio
277 1358 386 1422 locum
413 1357 544 1442 tribuit,
566 1357 693 1421 litteras
716 1356 928 1440 accepissem,
956 1356 1120 1440 inquibus

110 1450 180 1511 crat
210 1446 370 1530 scriptum
396 1468 514 1530 cupere
537 1449 570 1509 te
598 1467 705 1509 sacros
734 1466 846 1508 omnes
874 1445 981 1510 libros
1005 1445 1057 1510 uel
1075 1444 1120 1506 ho

72 1561 98 1602 15
112 1535 238 1600 minum
260 1535 384 1600 incuria
406 1535 460 1599 uel
482 1533 694 1618 improbitate
717 1536 889 1616 corruptos
913 1555 1015 1617 quam
1032 1553 1122 1597 emen-

113 1624 298 1689 datissimos
321 1623 508 1709 peruulgari
536 1622 683 1705 uelleque
710 1620 745 1684 in
768 1643 805 1685 eo
834 1643 936 1705 opera
959 1622 1011 1686 uti
1035 1626 1067 1686 11
1086 1620 1122 1683 in·

114 1713 238 1776 dustria
274 1734 360 1795 mea,
397 1711 495 1795 spatii
532 1710 573 1773 ad
609 1709 852 1773 deliberandum
883 1709 970 1774 nihil
1003 1707 1125 1793 sumpsi,

113 1801 225 1864 statim
247 1799 408 1883 rescripsi,
431 1819 504 1862 cum
527 1803 584 1860 tua
606 1797 758 1861 uoluntas
780 1797 941 1862 maximae
964 1798 1050 1885 legis
1067 1797 1126 1862 uin

113 1908 173 1968 pro
207 1906 333 1949 summa
365 1889 421 1948 tua
454 1906 521 1949 non
549 1884 645 1947 modo
676 1889 854 1969 potestate,
889 1907 1008 1950 uerum
1039 1885 1127 1950 etiam

74 2000 100 2039 eo
114 1973 275 2056 sapientia
299 1971 447 2038 obtinere
472 1971 559 2056 apud
582 1993 694 2035 omnes
717 1972 847 2057 debeat,
870 1973 918 2037 ita
941 1996 995 2038 me
1019 1974 1129 2038 anima

114 2067 195 2145 tum,
217 2061 264 2126 ita
282 2064 432 2146 paratum
450 2082 527 2144 esse,
549 2059 613 2124 tibi
636 2060 727 2124 utin
746 2061 897 2125 omnibus
916 2062 1019 2127 rebus
1036 2063 1130 2126 liben-

115 2157 168 2217 ter
185 2151 388 2236 obsequerer,
407 2150 613 2234 susciperem,
632 2171 852 2233 quaecumque
872 2149 983 2236 uelles,
1008 2172 1130 2238 agerem

117 2245 150 2306 et
169 2244 376 2324 praestarem,
394 2239 551 2324 quidquid
569 2261 705 2322 possem.
743 2237 814 2314 Quo
838 2237 969 2322 quidem
989 2243 1130 2323 tempore

116 2350 183 2392 non
201 2329 282 2392 mihi
301 2332 358 2392 aut
371 2329 440 2393 ulla
453 2351 612 2392 nouorum
627 2326 877 2410 commodorum,
892 2327 1015 2410 quibus
1030 2333 1132 2392 tamen

76 2440 102 2481 11
116 2415 279 2479 ducuntur
309 2417 419 2498 multi,
452 2419 501 2480 est
532 2415 650 2479 iniecta
683 2415 857 2500 cupiditas,
886 2419 943 2479 aut
975 2416 1132 2482 honorum

115 2501 270 2584 splendor
292 2503 411 2566 mentis
436 2502 546 2566 oculos
568 2502 790 2583 praestrinxit.
836 2525 1037 2588 quamquam
1058 2505 1133 2569 haec

115 2589 187 2671 ipsa
202 2588 363 2652 cumulate
387 2592 420 2652 et
444 2588 624 2670 exspectari
646 2611 666 2653 1
688 2593 745 2654 tua
767 2591 966 2657 liberalitate
989 2615 1086 2677 posse
1104 2595 1134 2656 et

117 2674 270 2740 omnibus
288 2675 452 2758 praeclare
475 2675 649 2760 agentibus
668 2677 785 2743 deferri
804 2685 874 2744 ate
898 2681 1002 2745 solere
1022 2680 1134 2746 intelli·

117 2763 244 2850 gebam.
291 2764 347 2827 sed
375 2784 448 2828 cum
475 2763 619 2829 audirem
643 2787 696 2832 eas
719 2773 819 2853 artes,
847 2790 985 2853 quarum
1012 2770 1134 2835 fructus

78 2880 105 2919 eo
119 2850 346 2918 immortalitas
383 2855 446 2936 est,
475 2852 575 2940 longo
611 2854 784 2922 interuallo
816 2862 850 2922 te
881 2857 1044 2923 Pontifice
1076 2857 1134 2924 coli

119 2946 251 3026 coeptas
274 2961 356 3023 esse,
384 2961 475 3005 suam
498 2942 649 3030 religioni
677 2968 715 3010 ac
742 2967 837 3012 uerae
860 2946 978 3030 pietati
1001 2947 1134 3034 dignita·

119 3036 186 3096 tem
209 3028 346 3111 restitui,
369 3029 481 3094 cedere
504 3031 685 3099 uirtutibus
704 3035 795 3118 uitia,
817 3035 935 3101 rationi
953 3037 1134 3118 amentiam,

118 3118 290 3183 libidinem
312 3116 443 3203 pudori,
471 3119 540 3184 uim
562 3122 732 3206 aequitati,
759 3124 838 3188 haec
866 3145 928 3210 ego
956 3147 1028 3189 sum
1052 3147 1134 3190 sccu-

118 3209 180 3289 tus,
214 3207 294 3271 haec
325 3206 478 3272 omnibus
510 3213 542 3273 et
570 3210 746 3274 commodis
774 3216 807 3276 11
838 3212 1020 3279 honoribus
1052 3217 1134 3279 ante

76 3316 103 3358 es
118 3293 222 3376 posui.
270 3293 352 3361 llrat
382 3301 550 3381 praeterea
577 3298 658 3363 mihi
685 3319 752 3363 non
780 3300 876 3365 modo
908 3301 1074 3366 laudabile
1106 3305 1134 3366 et

116 3381 305 3468 honestum,
339 3387 395 3451 sed
423 3386 549 3452 illustre
581 3386 679 3450 etiam
711 3388 744 3449 et
772 3387 950 3472 gloriosum
977 3390 1089 3455 uocari
1119 3410 1134 3453 1

116 3469 176 3536 Pio
199 3469 246 3538 IV
248 3524 254 3537 .
287 3473 446 3540 Pontifice
474 3475 514 3539 ad
546 3497 618 3538 cam
646 3495 768 3560 curam,
796 3481 833 3541 ut
860 3477 1134 3544 sanctissimorum

937 3811 953 3836 Δ
1045 3808 1088 3836 h
