2430 3922
553 175 768 240 ‚yg-

154 342 292 401 concitat.
326 339 467 400 Reiciuut
485 347 584 399 autem
604 337 639 398 ab
660 338 812 399 stomacho
827 346 969 419 ramenta,
988 357 1066 419 quae
1081 341 1170 401 etiam

154 428 303 489 simillima
330 429 516 508 torminosis,
545 426 731 506 subindeque
754 429 853 488 animo
876 427 1067 489 deliciuntur.
1113 429 1169 489 Α11-

154 519 249 578 131311
268 524 367 578 autem
387 514 497 578 debent
515 515 588 576 laesi
607 533 642 575 eo
661 514 737 575 lacte
756 518 880 597 asinino,
903 518 1023 598 equino,
1047 516 1169 599 bubulo,

154 606 318 686 conchyliis
341 604 480 667 omnibus
504 604 605 665 crudis
629 612 717 684 atque
741 604 882 666 decoctis.

118 709 134 758 5
243 691 435 756 GLXXXXII.
472 692 541 774 Ixia,
564 710 653 773 quam
674 694 795 773 quidam
814 692 1035 754 chamaeleonta
1053 703 1169 771 vocant,

154 785 276 846 odorem
303 782 406 863 habet,
434 800 502 844 cum
530 784 672 861 sumitur,
701 784 802 861 ocimi,
829 789 899 861 pota
922 790 1023 843 autem
1050 783 1168 863 linguae

155 881 301 934 tumorem
329 872 407 931 facit.
453 870 582 932 Mentem
611 869 756 931 abalienat
783 878 978 951 ventremque
1006 879 1037 933 et
1065 891 1168 934 omnes

154 960 303 1022 naturales
326 962 424 1021 exitus
448 961 617 1038 supprimit.
657 959 841 1020 Adiuvantur
865 967 964 1020 autem
986 959 1061 1021 laesi
1079 961 1116 1022 ab
1135 980 1168 1023 33

153 1048 301 1110 absinthio
324 1056 395 1127 poto
420 1065 488 1108 cum
508 1049 585 1122 vino,
608 1050 681 1109 item
704 1049 832 1109 castorei
854 1048 987 1127 pondere
1006 1048 1032 1111 11
1051 1049 1079 1110 ll
1099 1050 1167 1111 dato

101 1152 133 1200 10
152 1156 188 1198 ex
212 1139 272 1197 vini
300 1137 413 1216 cyathis
442 1143 583 1215 quattuor
607 1145 638 1197 31
664 1144 749 1198 13133
777 1137 936 1199 fruticibus
965 1140 1098 1218 quinque
1121 1138 1168 1199 131

153 1245 213 1288 sex.
259 1224 343 1286 Facit
370 1225 445 1286 bene
474 1234 505 1286 31
532 1224 682 1287 chamelea
710 1227 841 1304 pondere
869 1225 894 1285 11
923 1228 1015 1287 trium
1043 1246 1079 1288 ex
1107 1229 1169 1288 riui

152 1313 266 1394 cyathis
300 1314 397 1375 tribus
429 1332 505 1393 aqua
537 1316 638 1375 mixtis
670 1332 726 1375 nec
758 1317 857 1377 minus
884 1315 969 1375 radix
996 1315 1104 1377 laseris
1132 1335 1168 1377 ex

154 1407 220 1465 vino
244 1404 324 1484 data,
348 1405 569 1482 tragoriganum
593 1403 698 1464 eodem
720 1403 807 1464 modo
832 1404 940 1465 datum.

241 1490 447 1553 CLXXXXlll.
493 1491 683 1570 Ephemeron
724 1499 829 1570 potum
869 1494 1007 1572 protinus
1046 1494 1167 1573 quidem

100 1594 132 1644 13
152 1589 249 1642 totum
272 1599 306 1641 33
332 1583 453 1660 9131113
481 1580 552 1641 facit
574 1580 655 1641 13131
683 1580 766 1642 331113
793 1589 919 1662 tactum,
946 1589 1051 1659 postea
1077 1585 1167 1644 etiam

152 1671 250 1732 adurit
278 1672 363 1748 quasi
395 1671 498 1748 pipere
526 1669 716 1750 manducat03
749 1669 913 1731 secundum
945 1670 1019 1731 baec
1048 1689 1166 1751 quoquc

152 1758 338 1820 stomachum
370 1758 534 1819 mordendo
567 1757 731 1832 3113133131,
764 1766 852 1838 31933
881 1760 932 1836 931
965 1759 995 1818 id
1024 1757 1166 1821 biberunt

150 1850 280 1927 primum
309 1845 345 1906 ab
369 1865 421 1906 ore
449 1849 624 1925 sanguinem
647 1854 793 1926 expuunt,
823 1846 930 1906 deinde
953 1864 989 1907 ex
1013 1849 1167 1911 stomacho

151 1953 290 1997 cruorem
322 1935 465 2017 reiciunt,
500 1943 604 2013 postca
636 1953 690 2014 per
723 1935 810 1996 331133
842 1937 931 1996 ctiam
965 1935 1166 1998 abundantius

98 2024 279 2086 3333311331
301 2024 442 2086 deiciunt.
487 2023 838 2085 111313133131331331
866 2023 939 2085 laesi
964 2022 1000 2084 ab
1025 2043 1060 2084 33
1084 2025 1166 2106 poly-

151 2115 231 2192 gonii
264 2131 336 2174 suco
369 2130 458 2192 quam
490 2113 619 2191 plurimo
651 2131 706 2193 per
739 2131 770 2173 se
803 2120 873 2192 poto
902 2112 949 2173 131
980 2113 1064 2174 arido
1096 2117 1166 2176 trito

150 2202 248 2282 pondo
266 2201 360 2263 librae
380 2201 448 2262 dato
468 2220 537 2262 cum
558 2220 643 2280 aqua.
683 2201 948 2262 Praemaocrantur
967 2209 1066 2262 autem
1092 2202 1167 2264 mala

151 2291 287 2370 Cydonea
302 2298 353 2351 aut
367 2292 435 2352 vitis
450 2290 581 2370 capreoli
595 2299 647 2352 aut
660 2292 752 2351 murti
766 2289 856 2351 bacae
872 2298 923 2351 aut
938 2290 1074 2352 eiusdem
1089 2292 1166 2353 folia.

240 2377 461 2440 CLXXXXllll.
498 2379 643 2439 Toxicum
666 2382 752 2440 cuius
776 2380 815 2440 311
838 2386 953 2459 gustus,
977 2379 1057 2441 haud
1082 2381 1165 2441 facile

97 2479 130 2528 25
151 2469 247 2545 quivis
271 2466 387 2527 dixerit.
425 2466 535 2528 Verum
559 2486 628 2528 cum
651 2475 756 2546 potum
779 2474 834 2548 est,
857 2470 1017 2546 evestigio
1038 2471 1099 2531 ciet
1117 2470 1166 2530 do·

149 2553 245 2615 lorcm
259 2556 392 2614 omnium
405 2557 629 2616 interaneorum
647 2557 797 2618 inlinitum
811 2563 842 2616 et
856 2555 937 2617 velut
951 2556 1011 2617 telo
1026 2560 1165 2619 traiecto-

149 2661 218 2703 rum
251 2643 440 2722 concitatqua
473 2645 582 2705 mentis
615 2645 748 2705 furorem
781 2647 919 2723 cogitque
952 2644 1108 2707 exululare
1136 2653 1166 2707 et

149 2731 294 2811 palpitare
330 2731 431 2811 lingua
468 2731 606 2793 similiter
642 2733 855 2795 decollatorum
892 2733 1054 2811 capitibus:
1093 2733 1165 2796 nibil

150 2823 229 2882 enim
256 2828 356 2900 potest
383 2819 515 2899 intellegi
543 2840 578 2882 cx
602 2839 674 2882 1333
698 2840 809 2883 corum.
855 2822 1042 2883 Adiuvantur
1065 2832 1164 2886 autem

96 2922 130 2971 30
149 2912 209 2990 qui
229 2910 260 2971 id
288 2908 443 2990 biberunt,
470 2927 539 2970 rosa
566 2921 635 2990 pota
661 2919 713 2971 aut
736 2910 801 2971 oleo
824 2912 902 2971 irino
927 2913 1083 2992 coactique
1108 2913 1164 2973 fre·

149 3000 290 3078 quentius
324 3000 453 3079 reicere,
485 3000 557 3059 item
589 2999 654 3058 alvo
682 3001 743 3060 3311
776 2998 887 3078 clysmo
916 3002 1036 3078 saepius
1065 3001 1164 3082 ducta,

149 3094 251 3166 postca
275 3105 372 3169 passo,
395 3088 471 3148 lacte
494 3094 525 3147 et
548 3088 680 3149 antidoto
703 3086 893 3149 Mithridatio.

220 3325 888 3410 11131311311113311333133333.63391111
906 3329 941 3384 11.
1002 3329 1162 3399 9931111313

148 3415 207 3470 39.ο
227 3399 319 3468 (111.
376 3397 482 3452 101131
499 3399 610 3466 scripsi:
629 3397 1162 3483 113311.1193111131339390.11

149 3476 182 3524 17
200 3469 368 3524 biberunte
386 3485 414 3523 o.
438 3469 562 3524 biberint
584 3469 619 3525 11.
694 3475 725 3524 19
746 3469 832 3525 elium
854 3472 965 3540 3311931.
992 3470 1052 3525 31
1043 3488 1101 3526 ram
1125 3470 1161 3526 11.

147 3545 182 3594 20
199 3539 337 3611 polygoni
355 3486 444 3596 1111311.
517 3545 552 3594 23
571 3540 690 3609 cydonia
708 3541 744 3597 11.
817 3541 904 3611 myrti
880 3541 957 3597 1.11
