2400 3922
110 111 152 176 10
429 109 475 165 VI.
495 108 648 164 Benedictc
668 108 793 164 Accolto.

107 271 327 355 Sannazarius,
347 294 420 337 cum
439 271 573 354 uiueret,
597 292 674 335 usus
694 276 753 354 est,
772 274 861 334 extet
881 269 986 335 Gratti
1003 269 1102 334 Poena

109 360 269 444 quoddam
287 382 385 425 manu
405 360 563 443 scriptum
581 359 660 424 satis
679 359 787 442 breue,
798 359 953 424 numeris
976 355 1103 436 heroicis,

109 449 147 512 de
177 446 323 514 Venandi
356 449 496 532 ratione,
529 448 567 512 de
601 469 664 533 qua
692 469 726 511 re
760 448 825 511 tuis
858 452 973 530 postea
1003 443 1105 531 litteris

108 537 279 602 certiorem
305 560 357 602 me
385 538 490 602 facies.
537 533 631 620 Vale,
658 534 818 620 Venetiis,
846 535 900 600 VI.
929 536 1002 600 idus
1029 535 1105 600 Mart.
1159 612 1164 625 Ι

80 646 95 688 c
108 624 305 695 MDXXXV.

510 757 723 768 —-—---——

588 941 642 1006 Vl.

185 1083 220 1147 P.
243 1082 441 1147 Manutius
468 1081 504 1145 a.
528 1081 705 1167 secono,
734 1081 932 1147 cardinali
961 1083 1052 1147 aaa.
1143 1063 1146 1072 '

401 1187 715 1252 Honoratissimo
744 1187 775 1255 S.
793 1188 834 1255 Ι).

198 1328 260 1393 Vel
283 1329 317 1392 in
341 1327 476 1392 summis
500 1329 769 1411 occupationibus
796 1328 938 1393 libenter
960 1329 1061 1414 facio,
1087 1332 1120 1392 ut

70 1444 96 1483 ιο
110 1418 150 1481 ad
180 1422 213 1481 te
241 1417 393 1499 scribam3
423 1438 508 1481 nunc
537 1438 574 1481 eo
605 1417 775 1500 libentius,
806 1417 892 1500 quod
920 1420 953 1480 et
981 1439 1123 1482 mearum

110 1507 293 1570 litterarum
316 1505 394 1569 satis
416 1504 552 1590 longum
579 1504 642 1569 fuit
665 1505 872 1570 interuallum
900 1509 934 1568 et
958 1505 1018 1569 otii
1042 1526 1123 1570 nunc

110 1599 239 1660 tantum
266 1599 328 1678 est,
359 1598 516 1677 quantum
543 1598 656 1676 optare
683 1615 860 1678 numquam
888 1615 986 1657 ausus
1015 1616 1123 1659 essem.

111 1684 220 1768 itaque
253 1683 328 1767 etsi,
365 1683 452 1766 quod
488 1681 675 1765 scriberem,
711 1704 908 1768 magnopere
945 1703 1012 1745 non
1050 1686 1125 1766 erat,

111 1777 221 1836 tamen
249 1772 283 1835 in
311 1775 402 1834 tanta
429 1770 522 1834 uacui
549 1770 707 1853 temporis
735 1771 888 1834 facultate
915 1791 982 1833 non
1009 1770 1126 1853 putaui

71 1884 97 1924 15
110 1859 192 1922 mihi
215 1880 283 1922 esse
303 1857 578 1939 committendum,
601 1861 639 1921 ut
662 1862 698 1920 tu
718 1880 768 1920 me
792 1858 885 1941 quasi
902 1857 1127 1944 negligentem

111 1950 180 2031 aut,
209 1945 295 2029 quod
322 1944 454 2030 grauius
482 1948 579 2029 esset,
606 1949 738 2009 tuorum
767 1968 844 2031 erga
871 1968 922 2010 me
947 1946 1127 2011 oblitorum

111 2035 331 2098 immemorem
350 2054 497 2098 accusare
521 2054 640 2115 posses.
683 2033 792 2117 accipe
816 2034 918 2120 igitur
940 2034 1065 2118 aliquid
1088 2035 1126 2098 de

112 2123 228 2188 studiis
250 2121 383 2205 nostris,
407 2121 571 2205 quoniam,
596 2122 673 2205 quid
696 2122 759 2187 tibi
782 2122 862 2187 meis
884 2122 1004 2187 litteris
1027 2123 1128 2210 signi-

111 2214 213 2295 ficem,
237 2211 325 2277 aliud
346 2212 413 2275 fere
435 2233 502 2276 non
524 2211 639 2276 habeo.
681 2211 857 2276 matutinas
880 2211 976 2275 horas
1000 2210 1036 2274 in
1054 2211 1126 2276 Ari·

70 2326 98 2365 ac
112 2301 263 2364 stotelem
294 2299 458 2382 ponimus:
491 2299 587 2364 unius
619 2301 659 2364 τὰ
687 2298 808 2364 Ἠθικά
841 2321 950 2363 sumus
979 2299 1126 2385 aggressi

112 2386 280 2451 admonitu
303 2391 400 2470 atque
424 2386 557 2451 hortatu
580 2386 708 2451 Octauii
731 2385 901 2474 (Ferrarii)
924 2387 1042 2470 nostri,
1070 2388 1126 2472 qui

111 2497 162 2538 me
199 2472 317 2538 litteris
358 2474 607 2557 prudentissime
649 2478 682 2538 et
719 2474 952 2540 officiosissime
994 2476 1126 2560 scriptis

113 2563 204 2647 quasi
228 2561 441 2626 dormientem
464 2562 626 2626 excitauit.
673 2563 761 2646 quod
788 2563 941 2648 quoniam
968 2563 1023 2628 ille
1052 2586 1126 2629 cum

112 2673 170 2715 sua
199 2654 316 2734 sponte
346 2654 430 2733 tum,
463 2654 499 2714 ut
529 2650 665 2735 conicio,
699 2652 737 2716 de
765 2656 822 2718 tua
852 2652 1012 2717 sententia
1039 2653 1126 2735 fecit,

71 2763 98 2805 25
112 2739 277 2826 uigilando
302 2760 433 2821 operam
457 2738 555 2822 dabo,
582 2743 619 2804 ut
647 2740 776 2824 utrique
799 2745 959 2826 uestrum,
988 2762 1127 2824 quorum

84 2895 87 2899 ,
113 2828 230 2893 iudicia
253 2827 385 2910 plurimi
409 2826 554 2912 aestim0,
577 2827 780 2894 satisfaciam.
827 2830 946 2916 pransi,
974 2851 1047 2893 cum
1071 2829 1126 2894 alj-

114 2917 192 3002 quid
228 2917 266 2981 de
302 2915 437 2980 historia
474 2915 613 2980 strictim
646 2917 828 3004 attigimus,
865 2919 989 2983 eximus
1026 2917 1127 2982 animi

113 3028 225 3072 caussa
249 3010 290 3090 et,
314 3004 400 3090 quod
422 3003 463 3069 ad
481 3027 650 3089 uesperam
668 3008 826 3092 temporis
844 3027 943 3088 super
961 3009 1019 3088 est,
1043 3007 1127 3070 uale-

205 3183 220 3230 7
239 3178 282 3230 Ex
300 3180 429 3248 epistulis
448 3180 622 3235 Manutianis
645 3177 828 3235 attenuando
853 3192 926 3243 anno
946 3184 1016 3233 1834
1039 3180 1126 3236 editis

112 3263 177 3315 pag.
194 3251 245 3300 330
265 3250 294 3300 et
312 3266 388 3328 sequ.
410 3281 442 3291 -
462 3256 495 3303 21
516 3248 683 3319 (‘Ferrarii')
706 3244 850 3302 Renuardi
872 3262 965 3301 errore
988 3246 1128 3306 insertum

112 3316 184 3370 mihi
193 3316 314 3371 uidetur.
335 3333 362 3370 ei
376 3319 452 3372 enim
466 3324 529 3374 erat
538 3334 709 3388 praenomen
724 3315 897 3372 Octauianus
911 3315 978 3386 (uid.
993 3335 1059 3388 pag.
1071 3325 1126 3391 11).

115 3386 340 3456 Intellegendum
355 3403 416 3441 esse
431 3392 499 3458 puto
515 3389 663 3444 Octauium
678 3386 890 3455 Pantagattum‚
910 3386 989 3442 euius
1003 3388 1126 3446 familia-

114 3458 199 3512 ritate
219 3459 248 3511 et
266 3456 399 3512 Accoltus
418 3466 448 3514 et
466 3459 609 3514 Manutius
628 3457 790 3514 utebantur.
