2430 3922
420 747 768 832 PRAEFATIO.

174 1033 349 1095 Scribonius
364 1034 478 1113 Largus
492 1043 560 1115 post
574 1035 793 1115 expeditionem
808 1054 824 1097 a
839 1035 960 1098 Claudio
973 1036 1099 1099 Caesare

78 1127 113 1185 in
134 1123 295 1185 Britannos
319 1131 502 1204 susceptam,
527 1126 576 1185 cui
599 1142 630 1185 se
655 1125 827 1186 interfuisse
851 1128 915 1205 ipse
939 1129 1098 1187 memoriae

78 1205 258 1294 prodidit,¹)
278 1211 365 1292 paulo
385 1221 452 1273 ante
459 1207 485 1296 2)
500 1211 674 1274 Messalinae
681 1207 707 1296 3)
723 1214 837 1275 Claudii
852 1217 954 1275 uxoris
969 1214 1099 1296 caedem,

79 1320 153 1363 cum
172 1300 203 1362 C.
217 1300 310 1362 lullus
329 1299 468 1362 Callistus
492 1300 618 1363 libertus
640 1302 690 1363 ille
708 1304 854 1383 principis
873 1305 1099 1382 potentissimus

78 1390 368 1452 medicamentorum
397 1392 619 1470 conpositiones
643 1390 785 1470 quasdam
812 1391 849 1452 ab
877 1411 912 1453 eo
935 1394 1099 1474 petivisset,

78 1478 217 1540 libellum
245 1481 436 1561 conscripsit,
464 1480 610 1558 inquom
638 1497 698 1540 non
727 1478 824 1541 solum
847 1498 920 1559 quas
948 1481 998 1541 ille
1022 1481 1098 1541 desi-

79 1568 252 1648 deraverat,
276 1571 488 1629 verumetiam
512 1570 539 1628 si
558 1586 632 1647 quas
655 1567 727 1628 alias
750 1571 781 1628 in
803 1572 971 1648 praesentia
995 1569 1100 1631 habuit

80 1664 223 1738 expertas
242 1649 400 1740 contulit4)
420 1659 507 1736 eique
526 1659 618 1738 misit,
641 1659 727 1717 cuius
751 1658 846 1734 grafia
868 1666 899 1718 et
921 1659 1099 1720 auctoritate

79 1749 165 1808 omni
192 1753 340 1826 tempore,
367 1748 528 1826 praecipue
551 1763 621 1806 vero
649 1744 708 1806 illis
736 1747 810 1824 ipsis
838 1746 944 1807 diebus
971 1746 1099 1808 multum

80 1854 115 1897 se
139 1835 275 1896 adiutum
299 1852 365 1894 esse
388 1843 471 1913 grato
496 1836 595 1895 animo
623 1827 770 1918 fatetur.⁵)
813 1834 932 1896 Illarum
962 1838 1099 1916 conposi-

79 1927 199 1987 tionem
226 1925 292 2002 ipse
315 1925 473 2001 conposuit
499 1917 680 2007 plurimas,⁶)
704 1942 814 2003 paucas
838 1924 875 1985 ab
899 1927 1009 2005 amicis,
1033 1927 1099 2003 qui-

79 2013 139 2075 hus
168 2030 263 2092 aeque
290 2029 324 2072 ac
353 2011 411 2072 sibi
438 2011 591 2092 credebat,
619 2019 756 2090 acceptas
784 2012 905 2094 adiecit,
934 2007 1036 2094 anas⁷)
1061 2013 1097 2072 ab

78 2101 206 2181 Apuleio
235 2099 321 2162 Celso
350 2099 521 2179 Centuripis
555 2119 591 2160 ex
619 2099 737 2161 Siciliae
769 2100 844 2162 urbe
874 2110 939 2162 orto
969 2109 998 2162 et
1026 2101 1099 2180 Try-

77 2183 213 2270 phone⁸)
232 2189 478 2268 praeceptoribus
496 2189 622 2250 traditas
640 2188 754 2271 habuit,
777 2189 848 2250 alias
868 2208 884 2250 e
902 2188 987 2249 libris
1006 2189 1098 2249 medi-

78 2297 187 2341 corum
215 2281 392 2339 auctoritate
414 2278 660 2357 praecellentium
687 2285 738 2338 aut
766 2296 836 2338 suae
860 2285 911 2339 aut
934 2279 1098 2357 superioris

156 2470 182 2534 1)
207 2482 230 2521 c.
247 2465 371 2521 CLXIII:
395 2483 455 2521 com
476 2466 660 2521 Brilaooiam
678 2471 829 2534 peteremus
852 2483 912 2521 com
935 2468 984 2522 deo
1006 2471 1099 2522 nostro

79 2537 260 2675 emglahac
279 2607 314 2662 de
333 2624 363 2662 rc
383 2608 511 2662 conferas
530 2606 617 2662 velim
635 2607 830 2663 Boeclelcrom
848 2609 961 2678 copiose
980 2610 1009 2662 et
1033 2607 1098 2662 sub-

78 2678 173 2734 tiliter
191 2678 386 2759 disputaptem
404 2677 434 2732 in
452 2678 542 2759 musei
560 2679 638 2733 rhen.
653 2678 708 2734 vol.
723 2678 866 2746 XXXVII,
885 2696 912 2748 p.
928 2686 978 2733 321
991 2696 1031 2746 sq.

154 2752 181 2819 3)
201 2765 379 2804 cu1usv1vae
397 2752 571 2804 ment1onem
589 2749 672 2804 inicit
690 2766 713 2804 c.
728 2749 789 2803 LX:
808 2767 873 2804 oona
888 2751 1042 2805 Messalina
1056 2750 1100 2803 dei

77 2824 171 2878 nostri
190 2821 318 2877 Caesario
336 2822 386 2876 loce
404 2820 587 2890 (dentifricio)
608 2823 706 2875 utitor.

153 2893 182 2959 4)
202 2891 283 2962 epist.
304 2892 340 2946 ad
359 2889 427 2946 Call.
446 2909 474 2961 p.
490 2897 506 2946 5
525 2891 609 2946 huius
628 2890 696 2945 edit.

153 2965 181 3103 dl
200 2962 380 3088 illicem.

154 3108 181 3174 l)
201 3121 224 3158 c.
240 3102 430 3158 LXXXXIIII.
448 3102 566 3159 CLXXI.
581 3102 710 3158 CLXXV.
732 3100 796 3156 CCI.
812 3099 904 3156 CCIII.
920 3098 997 3154 CCV.
1018 3099 1097 3154 CCX.

79 3175 226 3232 CCXXXI.
246 3173 347 3230 CCXL.

154 3249 181 3316 8)
209 3247 285 3300 hunc
314 3247 343 3300 ei
365 3245 543 3315 Euelpistum
571 3245 600 3296 ei
627 3243 769 3312 Megetem
795 3243 825 3297 in
853 3242 1097 3297 celeberrimorum

79 3306 185 3373 aetatis
209 3335 276 3372 suae
300 3315 494 3384 chirurgorum
522 3330 669 3368 numerum
693 3314 789 3369 Celsus
812 3313 899 3369 refert
927 3316 955 3368 et
983 3313 1097 3383 quibus-

79 3391 147 3445 dam
169 3387 200 3442 in
222 3387 324 3442 melius
347 3388 463 3442 mutetis
487 3385 663 3453 aliquantum
682 3385 708 3440 ei
730 3386 806 3456 parti
829 3384 1000 3454 medicinae,
1026 3401 1098 3453 quae

69 3475 168 3543 ’manu
186 3462 279 3531 curet,
299 3457 437 3515 adiecisse
457 3456 526 3512 dicit
544 3475 571 3526 p.
587 3462 638 3512 263
654 3456 687 3514 D.

909 3548 1032 3602 aa·
