2400 3922
529 178 746 244 ..74-

129 352 249 424 soporat
276 361 443 423 sensusque
471 342 625 403 abalienat.
671 341 815 402 Adiuvari
841 359 933 421 porro
959 343 1072 406 debent
1099 345 1146 423 qui

128 431 272 494 biberunt
294 451 371 512 aqua
394 451 461 493 eum
486 431 550 492 oleo
573 433 605 491 in
628 432 731 491 vinum
759 429 900 491 admixtis
927 435 1051 512 saepius
1075 433 1146 494 datis

130 530 160 583 et
183 522 357 601 frequenter
380 522 500 581 reiectis
528 537 582 598 per
608 521 728 598 pinnam
752 526 804 580 aut
826 518 926 580 lorum
949 523 1148 602 vomitorium..

129 611 256 672 Prodest
284 619 313 671 et
342 611 402 670 vini
429 608 553 688 cyathus
582 615 612 669 et
639 608 720 687 passi
747 616 778 669 et
805 606 863 668 olei
891 609 1018 688 cyathus
1047 610 1147 671 eadem

94 707 110 756 e
130 701 245 761 ratione
265 700 359 760 datus.
396 699 470 758 ltem
489 698 592 758 unum
611 703 641 757 et
659 703 777 758 acetum
795 698 861 776 pari
884 715 1029 759 mensura
1047 699 1147 760 datum

130 807 165 849 ex
195 806 270 868 aqua
298 786 392 848 mulsa
416 805 484 848 cum
512 804 581 846 rosa
607 784 741 846 eiusdem
769 803 943 868 mensurae,
970 789 1014 848 ita
1036 799 1073 849 ut
1094 789 1146 847 ista

130 876 257 937 subinde
281 882 425 954 cogantur
448 877 571 935 reicere.
617 873 776 935 Praeterea
799 882 891 952 caput
917 894 989 936 rosa
1012 884 1044 938 et
1067 883 1146 936 aceto

130 967 193 1024 sine
221 966 442 1024 intermissione
471 970 595 1024 curetur
623 979 786 1041 eorumque
818 963 911 1040 pedes
945 964 1072 1026 adsidue
1100 966 1146 1025 sri-

129 1059 236 1112 oentur
258 1051 395 1112 manibus
419 1053 508 1111 siccis
532 1059 583 1113 aut
605 1051 697 1113 linteo
716 1069 808 1130 aspro·
828 1051 982 1114 involutis.
1024 1052 1146 1114 Prodest

77 1147 110 1196 10
130 1148 159 1199 et
182 1141 278 1219 sinapi
302 1158 339 1200 ex
362 1147 446 1201 aceto
470 1141 575 1200 tritum
600 1139 818 1200 circumdatum
840 1139 972 1218 pedibus
996 1141 1145 1203 cruribus·

128 1246 186 1307 que
210 1237 240 1289 et
263 1247 279 1289 a
303 1231 400 1289 somni
423 1236 558 1308 tempore
581 1227 749 1308 prohibere,
772 1245 810 1288 ne
834 1228 1041 1308 obsepiantur.

217 1316 368 1379 CLXXXI.
409 1317 574 1398 tibereum,
598 1316 678 1396 quod
702 1316 808 1377 Graeci
830 1311 1007 1398 ὑοσκύαμον
1030 1326 1143 1398 vocant,

128 1408 179 1485 qui
211 1404 366 1488 biberunt,
404 1414 493 1486 caput
525 1425 613 1485 grave
645 1407 789 1485 venisque
821 1405 989 1468 distentum
1024 1406 1144 1484 habent3

128 1502 227 1555 mente
261 1495 465 1557 abalienantur
493 1513 561 1555 cum
592 1493 718 1574 quadam
744 1492 906 1556 verborum
938 1495 1144 1557 altercatione:

75 1590 108 1638 15
127 1582 197 1644 inde
217 1586 295 1645 enim
314 1584 371 1646 hoc
386 1602 496 1645 nomen
512 1583 603 1644 herba
618 1583 710 1644 trahit
724 1581 882 1665 altercum3
901 1592 1009 1662 postea
1027 1587 1143 1663 sopiun-

127 1680 177 1733 tur
203 1680 233 1733 et
261 1676 342 1734 omni
370 1692 460 1734 sensu
488 1680 591 1734 carent
618 1671 830 1732 livescentibus
858 1671 1005 1733 membris
1034 1690 1142 1734 eorum.

126 1759 312 1821 Adiuvantur
344 1768 443 1822 autem
475 1760 551 1821 lacte
579 1768 649 1839 poto
678 1761 794 1820 asinino
822 1778 911 1839 qnam
940 1761 1071 1840 plurimo
1100 1760 1142 1821 vel

127 1846 260 1925 quolibet
279 1849 335 1909 alio
354 1851 470 1909 recenti
488 1866 542 1926 per
560 1867 591 1909 se
607 1847 653 1910 vel
672 1849 804 1909 decocto.
842 1848 900 1908 Sed
920 1850 943 1908 ii
961 1853 1049 1928 prius
1069 1867 1141 1928 aqua

126 1935 221 1996 mulsa
251 1938 370 2014 saepius
398 1944 467 2015 pota
495 1944 641 2015 cogantur
668 1955 723 2016 per
750 1939 872 2016 pinnam
900 1940 1027 2000 reicere.
1070 1938 1141 2019 Opio

74 2031 109 2081 20
128 2023 201 2084 laesi
224 2024 360 2085 similiter
384 2032 537 2086 curentur.

214 2112 379 2174 CLXXXll.
421 2113 518 2194 Gypso
546 2122 616 2192 poto
645 2114 816 2176 stomachus
844 2121 1011 2195 venterque
1040 2114 1139 2176 dolore

125 2210 207 2263 vasto
226 2211 359 2284 urgetur,
383 2203 509 2283 frigidus
528 2204 621 2264 sudor
640 2203 843 2281 subsequitur,
862 2202 943 2265 oculi
962 2203 1141 2284 sauguilenti

125 2294 364 2373 conspiciuntur,
398 2295 484 2353 urina
512 2291 577 2353 alba
603 2292 753 2372 redditur,
786 2293 954 2353 concrescit
982 2295 1015 2352 in
1045 2292 1139 2373 aliqua

124 2389 209 2456 parte
233 2384 345 2442 ventris
370 2381 449 2458 quod
476 2388 580 2459 potum
604 2388 650 2441 est
673 2389 703 2442 et
726 2388 807 2441 tactu
832 2383 916 2459 quasi
943 2399 1050 2442 saxum
1078 2399 1141 2462 per·

71 2469 243 2543 accipitur.
289 2469 429 2529 Adiuvari
454 2477 553 2529 autem
577 2469 699 2548 debent,
727 2471 779 2548 qui
807 2468 853 2529 his
876 2467 962 2529 malis
985 2477 1138 2550 vexantur,

124 2552 223 2613 lixivio
252 2573 268 2615 e
296 2563 514 2616 sarmentorum
543 2558 643 2617 cinere
672 2558 749 2617 lacto
779 2575 867 2635 quam
900 2557 1033 2636 plurimo
1062 2566 1140 2638 pote,

123 2643 195 2702 item
218 2661 292 2721 aqua
317 2643 450 2721 thymum
473 2651 525 2704 aut
547 2647 703 2723 origanum
726 2645 882 2706 decoctum
906 2646 1046 2708 habente.

213 2730 391 2793 CLXXXIII.
420 2731 532 2811 Spuma
551 2741 691 2813 argentea
709 2742 787 2816 pota,
807 2752 896 2814 quam
910 2734 1019 2796 Graeci
1038 2731 1139 2815 λιθάρ·

123 2844 216 2900 γυρον
244 2822 360 2904 dicunt,
388 2825 501 2884 ventris
528 2824 620 2885 infert
647 2826 834 2905 gravitatem,
864 2823 1138 2904 inflammationem,

69 2918 103 2966 30
122 2920 225 2987 postea
263 2911 395 2972 dolorem
433 2931 501 2973 eum
539 2916 643 2974 urinae
676 2910 790 2974 difficili
823 2914 917 2992 exitu3
954 2914 1137 2990 procedente

124 3005 258 3078 tempore
291 3001 399 3061 eoloris
428 3002 549 3081 quiidem
578 3003 662 3081 quasi
693 2999 827 3078 plumbei
859 3009 942 3080 sunt,
975 3004 1136 3083 praecipue

142 3191 389 3311 m'2thsshgum
404 3187 480 3258 oleo]
492 3186 609 3310 'efidGol
624 3183 696 3267 Xlll,
711 3189 777 3291 Ι2385
797 3203 871 3255 eque
886 3187 915 3242 eb
929 3188 992 3244 oleo
1006 3188 1036 3244 in
1055 3206 1140 3244 unum

124 3267 159 3390 lf.
175 3259 403 3408 dlolxrvflb.
438 3258 1139 3407 ⁶ffuloffiolllllll[Allbfl'aomllelllldrunll

125 3399 159 3449 22
184 3397 394 3464 sanguinolenti
417 3397 580 3466 Stephanus.
653 3402 687 3452 26
710 3396 822 3468 lixivio]
846 3400 881 3466 cf.
903 3399 966 3455 eat
990 3401 1066 3470 xiv,
1091 3408 1140 3458 142

123 3467 219 3521 πίνειν
246 3462 354 3532 τέφρας
381 3469 552 3537 stupentem
578 3461 728 3549 ἅπήθημρι.
802 3475 837 3525 28
862 3469 969 3539 Spuma
991 3473 1138 3546 argentee]

124 3538 158 3604 cf.
177 3537 239 3593 Gal.
259 3535 331 3604 XIV,
352 3542 411 3591 142.
485 3542 519 3591 29
539 3537 801 3610 inflammationem]
820 3540 995 3597 inflationem
1014 3543 1108 3603 Rhoe.
