2400 3922
478 181 694 245 -61..

69 346 233 426 papaveris
260 345 339 423 nigri
369 344 504 424 seminis,
534 341 708 404 nucleorum
737 344 895 420 pinearum
917 347 999 422 paria
1022 363 1095 424 pon·

71 435 146 495 dera
170 432 398 495 contunduntur
426 450 562 493 seorsum
590 439 621 492 et
647 434 795 492 inunum
818 433 996 514 miscentur3
1024 433 1093 494 inde

70 523 163 584 datur
191 529 335 601 quantum
363 540 424 582 nux
452 520 567 600 iuglans
599 539 636 581 ex
662 521 743 600 passi
776 520 889 600 cyathis
917 519 1034 582 duobus
1064 529 1095 582 et

70 630 170 691 aquae
193 611 308 690 cyathis
331 610 438 672 trihus.

165 699 304 761 CXLllll.
345 699 408 760 tha
432 699 468 759 ad
493 699 611 760 renium
635 697 766 759 dolorem
790 700 880 779 potio,
904 716 979 777 quae
1004 700 1128 761 etiams

71 790 161 870 quasi
183 789 326 849 harenam
349 787 519 849 sabulosam
542 787 684 848 detrahit:
712 787 779 867 apii
802 789 937 868 seminis,
961 795 1094 865 petrose·

73 879 141 958 lini,
166 879 263 958 anesi,
288 877 473 955 singulorum
493 894 522 956 p.
542 875 665 954 XXVI,
688 876 776 937 dauci
799 878 921 937 seminis
944 875 1013 955 p.X
1032 874 1095 956 1111,

71 967 199 1028 schoeni
226 985 254 1045 p.
278 966 304 1025 X
331 964 382 1046 VI,
414 967 495 1026 croci
523 983 551 1044 p.
576 964 601 1024 X
629 964 750 1049 XXXII,
781 965 878 1026 mellis
911 965 990 1045 quod
1024 966 1095 1026 satis

71 1055 234 1117 videbitur.
285 1054 379 1115 Datur
412 1061 557 1134 quantum
591 1052 713 1133 lupinus
746 1073 782 1115 ex
813 1053 909 1115 mellis
941 1053 1032 1134 ligula
1065 1062 1095 1115 et

73 1163 171 1225 aquae
195 1144 310 1224 cyathis
333 1142 395 1204 ΙΗΙ.
1116 1156 1147 1204 10

164 1232 210 1293 hd
233 1235 351 1293 renium
381 1241 529 1293 tumorem
558 1239 588 1292 et
615 1231 760 1312 dolorem,
784 1232 856 1292 facit
878 1231 981 1292 eadem
1004 1240 1035 1291 et
1058 1232 1093 1292 ad

72 1323 217 1384 iocineris
237 1329 268 1382 et
285 1322 321 1382 ad
341 1321 427 1381 lienis
446 1329 594 1381 tumorem
613 1316 686 1400 <et>
702 1319 737 1380 ad
753 1337 813 1399 ecs,
833 1321 885 1397 qui
902 1318 972 1379 mali
986 1319 1095 1380 coloris

72 1419 201 1491 propter
232 1410 306 1471 haec
340 1417 411 1470 sunt
442 1412 525 1490 vitia,
558 1411 629 1469 item
662 1404 743 1488 <ad>
776 1425 869 1487 aquae
901 1409 1095 1468 mutationes:

72 1499 164 1560 Croci
187 1517 215 1578 p.
240 1498 266 1558 X
289 1498 324 1578 X,
352 1499 439 1559 nardi
462 1497 558 1558 Indici
581 1516 608 1576 p.
632 1497 658 1556 X
681 1495 717 1579 Η,
740 1498 836 1556 casiae
859 1514 888 1575 p.
911 1495 937 1555 X
960 1495 995 1578 ΙΙ,
1019 1497 1095 1557 costi

72 1606 102 1667 p.
127 1587 154 1648 X
177 1587 205 1669 Ι,
238 1589 367 1648 cinnami
393 1606 421 1667 p.
446 1586 472 1646 X
494 1586 522 1667 Ι,
555 1604 675 1646 murrae
703 1593 812 1646 stactes
839 1603 868 1663 p.
892 1584 966 1665 XI,
998 1584 1095 1645 meliis
1116 1598 1148 1645 15

70 1679 182 1756 optimi
204 1695 234 1754 p.
253 1675 277 1735 X
297 1675 384 1736 XXV.
426 1675 519 1736 Datur
538 1683 681 1754 quantum
705 1674 771 1734 faba
789 1674 931 1753 Aegyptia
950 1691 987 1733 ex
1005 1672 1095 1733 mulsi

73 1765 183 1845 cyatho
198 1767 290 1824 mixto
306 1783 398 1843 aquae
418 1763 535 1825 duobus
554 1764 600 1824 vel
615 1763 727 1824 mulsae
746 1781 840 1841 aquae
858 1761 971 1842 cyathis
988 1761 1094 1823 trihus

167 1852 275 1914 CXLV.
319 1852 350 1913 Si
374 1855 424 1914 cui
447 1861 546 1913 autem
570 1853 644 1933 lapis
667 1855 698 1912 in
720 1851 843 1913 renibus
861 1853 982 1912 innatus
1005 1852 1096 1912 fuerit

74 1951 108 2004 et
126 1944 247 2003 urinam
266 1959 326 2001 non
350 1942 447 2022 faciet,
466 1942 715 2003 medicamentum
733 1941 781 2001 his
800 1940 891 2002 rebus
909 1941 975 2001 fieri
993 1940 1095 2001 debet:

74 2031 256 2093 Petroselini
279 2031 377 2110 pondo
401 2064 443 2074 —
464 2030 490 2111 l,
518 2032 600 2091 anesi
622 2030 721 2109 pondo
745 2029 832 2110 -Ι,
860 2028 949 2090 dauci
971 2031 1094 2089 seminis
1113 2041 1147 2089 20

73 2119 177 2200 pondo
200 2118 241 2200 Z,
279 2121 321 2197 git
353 2120 452 2198 pondo
477 2152 515 2162 —
537 2118 563 2201 1,
601 2120 730 2179 cinnami
761 2118 860 2197 pondo
888 2115 929 2197 Z,
972 2117 1095 2177 schoeni

73 2208 176 2290 pondo
200 2206 243 2290 Ζ,
267 2210 349 2269 croci
371 2213 393 2276 3
412 2208 444 2288 V,
468 2210 527 2286 apii
555 2208 676 2267 seminis
698 2225 726 2286 p.
750 2207 772 2270 3
796 2205 841 2266 Vl.
887 2204 966 2265 Haec
997 2207 1095 2264 omnia

72 2307 144 2359 tusa
168 2303 250 2358 creta
273 2295 360 2357 melle
383 2299 480 2358 Attico
504 2296 677 2375 despumato
701 2294 799 2374 pondo
818 2291 891 2354 112
914 2291 1095 2371 colliguntur

74 2394 108 2447 et
130 2386 383 2447 medicamentum
406 2388 481 2446 vitro
506 2384 646 2445 condunt.

168 2473 291 2535 CXLVl.
333 2474 377 2534 Ad
405 2482 553 2534 tumorem
586 2480 617 2533 et
648 2470 780 2532 dolorem
813 2472 928 2531 vesicae
957 2478 987 2531 et
1015 2469 1095 2532 exul·
1114 2487 1148 2536 ‘25

74 2565 261 2624 serationem
280 2562 356 2623 hene
380 2563 450 2624 facit
469 2581 553 2642 aqua,
577 2564 608 2621 in
628 2580 685 2640 qua
707 2560 821 2621 ferrum
839 2559 969 2621 candens
989 2560 1096 2621 demis·

76 2670 144 2713 sum
175 2661 228 2712 est.
274 2649 338 2712 Hoc
367 2670 421 2730 ego
449 2653 526 2711 traxi
553 2650 589 2711 ah
618 2653 702 2730 aquis
730 2649 839 2728 caldiS‚
867 2667 942 2728 quae
971 2651 1096 2710 suntin

76 2740 188 2802 Tuscia
213 2741 340 2800 ferratae
364 2748 394 2800 et
417 2740 541 2800 mirifice
565 2740 730 2800 remediant
752 2740 867 2799 vesicae
890 2739 960 2797 vitia
983 2769 1027 2779 —
1046 2755 1095 2814 ap·

76 2828 229 2908 pellantur
261 2830 361 2908 itaque
393 2831 554 2889 vesicariae
580 2862 617 2870 -
644 2827 791 2906 quondam
824 2825 941 2885 Milonis
968 2823 1096 2883 Brocchi

150 3059 168 3107 3
193 3070 252 3106 nux
271 3052 317 3105 M:
345 3052 424 3106 nucis
444 3052 473 3107 R
562 3052 673 3120 iuglans
700 3048 813 3118 scripsi:
842 3046 983 3117 iuglandis
1011 3045 1039 3100 R
1053 3046 1094 3100 M.

79 3125 251 3179 dharenam
270 3124 310 3178 L:
334 3139 408 3179 aren.
427 3123 465 3179 R.
537 3122 679 3177 sablosam
696 3120 731 3175 L.
814 3117 932 3174 9dciur
952 3117 999 3170 M:
1028 3117 1096 3172 dan·

80 3197 125 3249 hur
142 3194 172 3250 Ε
239 3200 271 3248 11
291 3195 336 3249 Ad
353 3193 475 3265 renium]
496 3195 532 3262 ef.
547 3211 568 3248 e.
585 3198 645 3261 125,
663 3192 713 3247 nbi
732 3191 888 3259 compositio
905 3189 998 3244 eadem
1016 3193 1055 3243 cst
1072 3193 1097 3243 et

82 3265 159 3321 Pam.
173 3267 209 3322 de
225 3282 257 3321 re
274 3266 342 3321 oud.
358 3263 393 3334 H,
408 3271 450 3320 37.
513 3271 546 3319 12
565 3263 696 3318 iocineris
710 3261 749 3315 L:
768 3260 899 3315 iocinoris
913 3258 949 3314 R.
1011 3264 1045 3313 13
1060 3258 1096 3314 ad

80 3337 189 3393 addidi.
252 3342 284 3391 15
305 3337 427 3391 cinnami
445 3335 490 3390 M:
510 3334 622 3390 cumani
639 3333 675 3388 R.
730 3334 837 3387 sisciae
856 3330 900 3385 M.
962 3335 995 3383 16
1015 3329 1098 3384 datur

83 3408 128 3463 M:
153 3408 260 3462 dantur
282 3406 318 3463 R.
391 3407 458 3461 fabo
480 3404 624 3476 Aegyptia
645 3404 757 3472 scripsi:
781 3402 864 3458 fabae
884 3401 1042 3471 Aegyptiae
1060 3399 1096 3455 R.

80 3483 113 3534 22
133 3487 153 3542 3
167 3480 273 3534 Aldus:
294 3484 313 3542 s)
329 3479 372 3548 R:
390 3481 425 3546 cf.
440 3479 473 3533 de
491 3479 542 3533 hoc
559 3480 715 3532 ceracii.
770 3479 804 3528 26
820 3473 969 3529 demissum
984 3472 1096 3541 scripsi:

79 3549 229 3606 dimissum
248 3549 278 3605 R
292 3550 327 3608 L.
400 3555 435 3604 29
453 3548 571 3605 Brocchi
590 3549 638 3602 M:
658 3545 777 3602 Gracchi
793 3545 829 3602 R.
