2400 3922
457 143 674 208 ,93-

54 309 217 389 productas
249 306 479 386 medicamento,
513 306 592 385 quod
623 324 714 385 supra
742 308 872 387 positum
900 316 959 391 est,
987 311 1072 373 tollit.

53 396 145 459 Uvam
168 398 260 457 nimis
282 397 428 457 iacentem
453 397 517 456 sine
540 395 674 474 periculo
697 414 753 474 per
771 396 984 475 auriscalpium
1007 399 1073 461 lana

52 486 221 548 involutum
244 491 420 564 perunctam
444 502 479 545 ex
503 491 597 564 parte,
621 502 679 562 qua
702 482 832 545 tollenda
854 493 908 566 est,
931 496 1073 566 amputat.

54 573 214 654 Oportebit
237 566 336 634 autem
359 580 461 652 postea
486 590 562 651 aqua
585 572 698 632 mulsea
722 575 907 653 gargarizare
931 582 961 635 et
984 575 1072 636 lentis

53 672 143 743 atque
172 681 259 723 rosae
287 661 387 722 aridae
415 679 491 741 aqua
520 661 668 721 decoctae.
715 659 825 722 Eadem
848 680 898 723 res
922 670 952 723 et
975 663 1107 744 palpet

53 752 139 813 bram
162 751 288 830 pilosam
311 750 469 829 remediat,
498 752 524 809 si
548 751 615 829 quis
638 748 754 809 radices
777 750 906 829 pilorum
929 753 1072 814 adversus

54 849 193 901 naturam
226 846 311 899 natas
338 838 501 919 oblinierit,
534 838 629 898 donec
657 837 741 898 locus
769 857 871 900 earnm
900 841 985 920 niger
1012 842 1072 902 fiat.

52 928 174 1008 Recipit
201 928 288 989 haec:
316 926 400 987 heris
424 926 506 987 floris
534 926 608 1004 pli
631 925 684 1007 ΙΙΙ,
712 927 802 988 calcis
825 930 906 989 vivae
930 947 958 1008 p.
978 930 1004 990 ll
1028 929 1073 1011 Vl,

53 1017 191 1096 thapsiae
213 1016 324 1077 radicis
347 1035 375 1094 p.
395 1015 422 1075 X
442 1014 493 1096 vl,
516 1013 647 1075 laeculae
671 1034 698 1093 p.
718 1014 744 1076 x
767 1015 822 1096 ΙΙΙ,
845 1019 918 1077 nitri
940 1037 968 1096 p.
990 1017 1014 1079 ll
1037 1018 1072 1099 ΙΙ,

57 1106 269 1185 auripigmenti
292 1122 320 1184 p.
339 1104 365 1164 ll
387 1102 428 1183 ΙΙ,
452 1103 528 1164 fellis
552 1105 663 1164 taurini
686 1123 713 1182 p.
733 1103 758 1164 ll
780 1104 825 1166 Vl.
862 1105 1014 1168 Teruntur
1037 1126 1074 1168 ex
1094 1122 1127 1171 10

55 1197 157 1255 cinere
181 1193 282 1275 lixiva,
311 1211 369 1273 qua
392 1192 530 1254 culinarii
557 1199 693 1266 utuntur,
721 1192 816 1254 donec
843 1193 950 1255 habeat
978 1196 1073 1256 mellis

55 1282 164 1362 liquidi
191 1289 467 1361 temperamentum.
513 1280 680 1359 Reponitur
706 1281 816 1358 puxide
844 1283 923 1359 nigri
950 1283 1072 1359 plumbi.

56 1369 137 1432 Haec
169 1372 258 1450 puris
290 1373 321 1430 in
354 1370 527 1448 ampliorem
566 1378 717 1448 stagneam
753 1371 883 1430 mittitur
915 1370 1074 1433 habentem

56 1462 191 1521 cinerem
222 1458 340 1519 lixivam
368 1476 464 1538 nsque
499 1457 535 1518 ad
563 1457 738 1537 operculum
769 1459 902 1518 minoris.
949 1458 1074 1538 Oportet

56 1558 157 1609 autem
186 1555 216 1608 et
242 1547 299 1607 hoc
326 1546 577 1608 medicamentum
605 1545 738 1606 colorare
771 1545 892 1607 rubrica
919 1547 966 1607 vel
998 1556 1073 1609 atra·
1095 1564 1127 1614 15

56 1644 167 1699 mento.
205 1635 281 1697 Huic
304 1635 520 1696 medicamento
545 1637 570 1695 si
593 1637 688 1696 anatis
711 1637 865 1713 sanguinis
889 1638 973 1716 qnasi
998 1636 1073 1698 duae

57 1724 166 1804 ligulae
189 1724 346 1784 adiunctae
370 1724 491 1805 fuerint,
513 1725 612 1784 minus
636 1723 794 1786 mordebit.

148 1811 299 1874 CCXXXI.
333 1811 487 1882 Quatenus
505 1814 620 1873 acrium
638 1820 668 1872 et
688 1812 924 1875 exulcerantium
947 1814 1074 1875 medica·

56 1910 228 1963 mentorum
251 1900 351 1962 habita
375 1910 421 1962 est
444 1903 564 1978 mentio,
592 1919 746 1981 ponemus,
775 1921 832 1982 qna
862 1905 998 1981 stigmata
1021 1902 1075 1963 tol-

58 1990 168 2051 lantur.
205 1989 337 2068 Indignis
357 1992 436 2050 enim
461 1989 560 2051 multis
584 1990 657 2050 haec
676 1989 826 2052 calamitas
845 2010 882 2052 ex
905 1999 1074 2052 transverso
1095 2006 1129 2055 20

59 2079 177 2160 accidit,
197 2086 231 2139 ut
249 2078 448 2156 dispensatori
463 2078 564 2138 Sabini
579 2077 686 2139 Calvisi
704 2081 857 2158 naufragio
874 2081 905 2138 in
925 2080 1075 2158 ergastulo

59 2167 261 2248 deprehenso,
294 2185 383 2246 quem
410 2166 551 2246 Tryphon
583 2166 686 2228 multis
715 2167 851 2228 delusum
880 2175 910 2227 et
938 2186 976 2227 ne
1005 2186 1076 2228 casu

60 2257 183 2336 quidem
207 2255 266 2316 ullo
286 2255 400 2316 litteras
419 2255 558 2316 confusas
581 2254 740 2315 habentem
763 2255 980 2316 medicamento
1004 2255 1075 2316 libe·

59 2347 149 2406 ravit:
174 2343 233 2404 Alii
256 2344 374 2404 candidi
397 2345 495 2423 spicae
520 2345 625 2422 capitis
648 2345 736 2404 tritae
760 2361 828 2404 cum
852 2344 1075 2405 cantharidibus

60 2435 167 2512 viginti
190 2432 458 2494 Alexandrinis-
478 2440 549 2493 sunt
572 2439 671 2493 autem
695 2435 792 2493 variae
816 2441 846 2492 et
869 2432 1012 2513 oblongae
1035 2465 1076 2476 -
1096 2447 1130 2498 25

61 2521 215 2601 sulphuris
234 2522 292 2582 vivi
315 2539 343 2599 p.
359 2521 384 2580 ll
402 2520 414 2580 l
434 2528 464 2581 et
483 2523 645 2603 victoriati,
668 2521 803 2583 chalcitis
826 2520 895 2601 pli
914 2521 968 2604 18,
992 2540 1077 2584 cerae

60 2611 161 2689 pondo
189 2611 297 2690 triens,
326 2608 384 2669 olei
411 2609 510 2688 pondo
539 2612 646 2692 triens3
676 2628 776 2671 ceram
803 2613 940 2672 contritis
969 2613 1078 2673 ceteris

61 2698 222 2759 admiscuit
245 2707 275 2758 et
297 2699 437 2775 inposuit.

134 2944 152 2992 4
171 2939 264 2993 mulsa
278 2938 440 3009 Stephanus.
497 2935 649 3007 spirarum
663 2936 799 2992 adversus
817 2898 949 2991 naturam
967 2937 1077 3005 scripsi:

62 3009 130 3065 adv.
145 3012 203 3065 nat.
218 3009 341 3079 pilorum
355 3010 392 3066 R.
447 3007 611 3064 tineculee
625 3007 730 3063 Aldus:
748 3006 856 3063 ferulae
870 3006 906 3061 R.
964 3013 995 3061 11
1011 3005 1078 3061 culi-

62 3079 159 3164 nani]
169 3080 339 3187 aconthiani
357 3081 446 3136 Rbod.
509 3078 819 3161 habeant'Stepbunus.
848 3149 855 3161 .
889 3077 1080 3204 plzeteosstaoneppir

63 3150 756 3293 Bebetmiyrterdifflbmgbri1113⁶mebblnbgdlem1³le
774 3147 954 3301 nbldstlldalvisi
976 3218 1078 3277 Rhoda

63 3239 147 3349 balvi
163 3293 200 3350 R.
274 3293 410 3362 neuhago
429 3293 590 3362 Pignorius.
662 3298 697 3346 23
716 3291 774 3345 ullo
793 3296 856 3345 cute
874 3290 1079 3345 medicamento

63 3365 157 3421 colice.
176 3364 217 3431 R,
241 3366 414 3434 composuit
436 3363 464 3419 0.
484 3364 629 3418 Boethius.
701 3360 907 3416 medicamento
926 3361 1080 3416 habentem

63 3435 100 3503 R,
122 3436 295 3505 buucpomu't
312 3437 391 3494 idem
450 3433 570 3489 schini
582 3434 618 3489 R.
679 3439 713 3488 26
732 3431 801 3502 p}
818 3433 860 3488 IS
876 3433 988 3501 scripsi:
1007 3429 1034 3485 X
1052 3448 1079 3501 p.

63 3523 95 3560 aa
114 3506 201 3561 semis
220 3507 256 3560 R.
330 3513 363 3561 27
383 3504 514 3560 contritis
533 3521 592 3574 ego:
612 3520 676 3560 cum
694 3503 769 3559 tritis
788 3504 825 3560 R.
