2430 3922
458 194 679 259 ‚63-

57 355 167 416 eodem
190 373 299 434 genere
321 355 465 437 tantum];
498 356 568 418 licet
593 364 692 417 autem
724 375 799 437 aqua
827 377 929 419 earum
958 359 1079 423 decocta

56 445 106 506 uti
127 444 238 505 cotidie
261 445 396 506 ieiunum
420 444 553 524 pondere
576 445 603 505 Χ
625 448 716 507 unius
745 465 813 507 oum
845 465 939 525 aquae
967 449 1080 528 cyathis

55 532 165 594 tribus.

151 620 219 682 CLI.
260 621 370 683 Multos
400 641 469 684 curn
498 623 691 685 admiratione
725 622 849 684 effectus
881 625 980 685 audivi
1012 643 1078 686 nar·

56 718 169 790 rantes,
193 709 245 771 Gai
267 709 335 791 Juli,
358 715 441 772 nasci
464 714 495 772 iu
523 712 689 791 lapidicinis
716 711 856 772 bestiolas
880 713 1075 775 adhaerentes
1094 727 1111 778 5

58 802 139 861 saxis
164 800 249 878 quasi
267 817 422 882 verrucas,
446 800 500 861 has
519 803 651 880 quinque
673 819 709 861 ex
728 818 821 879 aquae
845 801 958 880 cyathis
981 802 1080 865 tribus

57 887 174 949 findere
198 895 228 948 et
250 905 305 968 per
328 890 447 949 urinam
470 889 624 950 extrahere
647 888 761 968 lapides
787 887 916 966 [certum
940 889 1007 968 est].

153 975 235 1038 CLII.
272 976 318 1036 ld
337 976 515 1038 calculosos:
539 977 714 1039 Cucumeris
733 980 864 1059 seminis,
879 979 974 1060 dauci,
989 983 1079 1054 anesi,

60 1068 131 1146 apii,
155 1064 340 1145 petroselini,
361 1084 489 1146 murrae,
513 1066 698 1145 singulorum
720 1086 749 1146 p.
769 1066 795 1125 Χ
813 1066 855 1126 111
875 1075 905 1129 11
923 1071 1080 1149 victoriati,

57 1156 157 1217 casiae
175 1153 367 1235 daphnitidis,
387 1155 525 1235 cinnami,
544 1155 638 1237 nardi,
661 1156 847 1234 singulorum
865 1174 893 1235 p.
913 1156 939 1216 Χ
958 1157 979 1237 l,
1004 1177 1079 1237 aqua
1100 1173 1134 1222 10

59 1243 256 1325 colliguntur,
278 1244 355 1304 fiunt
382 1243 493 1322 pastilli
520 1242 616 1322 lupini
643 1243 865 1322 magnitudinis
911 1244 956 1305 Ex
986 1264 1079 1324 aquae

60 1332 172 1393 dantur
195 1332 308 1410 cyathis
331 1332 429 1394 trihus
455 1351 510 1412 per
534 1333 597 1393 dies
621 1332 823 1410 qnadraginta.
865 1331 928 1392 lloc
951 1334 1079 1395 mediea-

58 1428 195 1482 mentum
210 1439 279 1482 cum
302 1423 489 1501 conponitur‚
503 1421 597 1500 pilum
621 1420 752 1499 ligneum
772 1422 825 1503 sit3
842 1422 895 1498 qui
913 1422 1079 1503 contundit,

57 1508 182 1571 anulum
210 1510 342 1570 terreum
371 1528 431 1570 non
458 1509 575 1571 haheat.
620 1508 702 1571 Hane
726 1512 805 1570 enim
834 1512 1080 1588 superstitionem

57 1600 170 1661 adiecit
187 1598 362 1658 Ambrosius
385 1599 520 1660 medicus
538 1598 728 1679 Puteolanus,
748 1600 800 1678 qui
818 1597 984 1660 adfirmavit
1002 1599 1078 1660 mul·
1098 1614 1133 1663 11

57 1697 108 1749 111
132 1705 164 1748 11
191 1686 251 1748 hoe
278 1687 493 1748 medicamento
523 1705 650 1748 sanasse.
697 1687 858 1748 Detrahere
882 1696 981 1747 autern
1004 1687 1079 1748 dixit

57 1783 130 1856 post
162 1775 241 1836 diem
278 1778 439 1855 septimum
476 1777 620 1855 lrangna
653 1776 795 1855 quaedam
830 1775 962 1855 lapidum
995 1778 1080 1856 quasi

58 1865 211 1925 harenam.
1014 1904 1016 1908 -

151 1951 247 2014 CLIII.
294 1952 339 2013 td
363 1952 542 2034 calculosos,
570 1954 712 2035 lienosos,
740 1953 932 2034 hydropicos3
961 1956 1080 2014 urinam

58 2042 206 2122 detrahit,
234 2041 361 2120 lapidem
394 2049 548 2103 extenuat:
585 2041 710 2122 Eryngi,
742 2041 889 2122 pyrethri,
922 2042 1079 2124 sabuncae,
1099 2059 1135 2108 20

60 2130 246 2211 calcifragae,
270 2130 455 2208 singulorum
473 2148 501 2208 p.
521 2129 547 2189 Χ
566 2128 653 2212 XXV,
677 2130 766 2210 ebuli,
786 2130 1000 2210 aristolochiae,
1020 2133 1079 2191 sin·

59 2218 202 2298 gulorum
225 2238 253 2298 p.
277 2218 303 2278 Χ
327 2216 407 2300 <11>;
431 2221 650 2299 oxymyrsinae,
674 2237 749 2297 quae
777 2237 867 2297 scopa
890 2221 972 2296 regia
995 2237 1079 2279 voca-

57 2318 123 2389 tur,
157 2325 230 2368 suco
263 2307 336 2368 haec
374 2309 472 2368 omnia
504 2315 628 2368 contusa
664 2307 743 2385 ligno
777 2306 971 2386 colliguntur,
1003 2307 1079 2366 liunt

57 2395 172 2477 pastilli
193 2396 326 2475 pondere
350 2395 375 2455 Χ
398 2397 497 2456 unius.
535 2395 649 2456 Dantur
667 2403 767 2455 autem
786 2413 821 2455 ex
840 2397 916 2454 aceti
935 2403 964 2455 et
984 2394 1079 2456 mellis

57 2485 175 2566 cyathis
198 2484 304 2545 trihus.
1099 2502 1134 2554 25

152 2572 315 2634 Calculosis
339 2569 504 2654 (prodest)
524 2573 681 2634 illecebrae
705 2580 849 2652 quantum
872 2591 978 2634 manus
1002 2575 1081 2654 capit

134 2784 148 2832 1
169 2779 276 2851 111111]
297 2796 335 2832 ou
354 2779 458 2833 etiam?
517 2780 670 2848 spondere
689 2781 799 2849 scripsi:
818 2785 860 2848 p0.
874 2778 910 2832 R.
968 2785 984 2832 5
1003 2777 1078 2832 Casi-

58 2849 112 2904 lini
134 2865 190 2919 pro
214 2849 265 2903 Coi
287 2849 346 2903 Juli
369 2851 412 2905 M.
518 2858 608 2920 tpro
635 2851 756 2918 quinque
781 2851 819 2903 M
846 2849 963 2903 exhibet:
997 2849 1078 2903 dates

57 2921 151 2976 tritas.
225 2920 364 2975 ifindere
388 2921 434 2975 M:
463 2920 620 2976 suffundere
644 2921 673 2975 R
696 2921 839 2975 diffindere
863 2919 966 2986 Rbod.;
996 2921 1079 2975 cerba

59 2993 170 3048 certum
193 2994 238 3046 est
260 3007 311 3048 om.
331 2992 378 3059 M,
400 2993 530 3062 plossema
555 2993 690 3047 videntur.
764 2990 973 3060 8011111111]
993 2990 1078 3045 Hane

58 3062 280 3132 compositionem
307 3063 431 3118 Galenus
457 3064 508 3118 ool.
532 3062 609 3129 XIII,
634 3066 686 3115 325
714 3065 739 3115 et
765 3063 813 3130 qni
845 3078 905 3116 eum
932 3062 1078 3129 exculpsit

58 3132 299 3190 Antoniniani
325 3150 402 3189 serm.
421 3133 462 3188 III
489 3149 511 3188 c.
535 3133 601 3186 XIlI
629 3134 667 3187 od
689 3131 911 3187 Andromachum
940 3137 1078 3186 auctorem

59 3206 192 3273 referunt.
229 3218 231 3224 ’
272 3211 304 3260 10
322 3211 384 3274 post
402 3204 494 3260 casiae
512 3204 758 3273 interpnnota'onem
780 3205 886 3259 sustuli.
960 3201 1079 3272 daphni-

60 3275 127 3330 tidis
142 3276 179 3329 M
189 3277 231 3345 (ut
245 3292 267 3331 c.
277 3279 354 3346 269):
372 3275 521 3346 daphnidis
531 3275 577 3343 R,
592 3275 627 3342 of.
641 3273 728 3344 Vepet.
744 3279 768 3340 6,
780 3279 821 3328 13.
877 3279 908 3327 11
925 3289 1017 3342 aquae
1028 3273 1077 3327 M:

59 3363 136 3416 aqua
159 3346 195 3402 R.
257 3350 290 3400 13
310 3347 458 3403 contundit
471 3347 516 3401 M:
537 3345 719 3401 contunditur
737 3344 773 3398 R.
833 3349 865 3399 18
883 3346 1019 3399 harenam
1038 3344 1078 3397 L:

60 3435 138 3473 aren.
153 3417 190 3471 R.
259 3424 294 3473 20
314 3419 412 3488 eryngi
425 3419 463 3471 L:
483 3416 593 3487 eryngii
606 3417 641 3471 B.
696 3415 815 3486 pirebhri
829 3415 863 3470 L.
934 3413 1078 3484 stabuli]

61 3488 140 3558 polii,
159 3486 223 3543 folii
238 3489 281 3542 M.
337 3489 515 3546 aristolociae
529 3488 564 3544 L.
618 3493 652 3542 22
668 3485 694 3540 V
713 3487 812 3542 addidi
831 3487 900 3541 eM.
956 3490 992 3540 24
1010 3499 1080 3555 pon·

61 3560 128 3615 dere
146 3560 262 3628 scripsi:
280 3567 321 3630 p0.
341 3561 376 3616 R.
450 3565 484 3613 26
503 3559 620 3630 prodest
638 3558 746 3614 addidi.
