<?xml version="1.0" encoding="UTF-8"?>
<!DOCTYPE html PUBLIC "-//W3C//DTD XHTML 1.0 Transitional//EN"
    "http://www.w3.org/TR/xhtml1/DTD/xhtml1-transitional.dtd">
<html xmlns="http://www.w3.org/1999/xhtml" xml:lang="en" lang="en">
 <head>
  <title>
</title>
<meta http-equiv="Content-Type" content="text/html;charset=utf-8" />
  <meta name='ocr-system' content='tesseract 3.04.00' />
  <meta name='ocr-capabilities' content='ocr_page ocr_carea ocr_par ocr_line ocrx_word'/>
</head>
<body>
  <div class='ocr_page' id='page_1' title='image "./paulimanutiiepi00fickgoog_0077.png"; bbox 0 0 2430 3922; ppageno 0'>
   <div class='ocr_carea' id='block_1_1' title="bbox 158 178 953 252">
    <p class='ocr_par' dir='ltr' id='par_1_1' title="bbox 158 178 953 252">
     <span class='ocr_line' id='line_1_1' title="bbox 158 178 953 252; baseline -0.004 -14"><span class='ocrx_word' id='word_1_1' title='bbox 158 185 203 252; x_wconf 74' lang='lat'><strong>70</strong></span> <span class='ocrx_word' id='word_1_2' title='bbox 377 182 502 238; x_wconf 83' lang='lat' dir='ltr'>XXXIII.</span> <span class='ocrx_word' id='word_1_3' title='bbox 524 181 569 236; x_wconf 78' lang='lat' dir='ltr'><strong>Ad</strong></span> <span class='ocrx_word' id='word_1_4' title='bbox 587 180 757 236; x_wconf 84' lang='lat' dir='ltr'><strong>Michaelem</strong></span> <span class='ocrx_word' id='word_1_5' title='bbox 775 178 953 237; x_wconf 82' lang='lat' dir='ltr'><strong>Ghislerium.</strong></span> 
     </span>
    </p>
   </div>
   <div class='ocr_carea' id='block_1_2' title="bbox 49 342 1211 3434">
    <p class='ocr_par' dir='ltr' id='par_1_2' title="bbox 49 342 1211 3433">
     <span class='ocr_line' id='line_1_2' title="bbox 157 342 1176 497; baseline 0.002 -86"><span class='ocrx_word' id='word_1_6' title='bbox 157 347 249 412; x_wconf 89' lang='lat' dir='ltr'><strong>illust</strong></span> <span class='ocrx_word' id='word_1_7' title='bbox 234 350 301 411; x_wconf 89' lang='lat' dir='ltr'><strong>tres</strong></span> <span class='ocrx_word' id='word_1_8' title='bbox 327 345 415 410; x_wconf 88' lang='lat' dir='ltr'><strong>libri.</strong></span> <span class='ocrx_word' id='word_1_9' title='bbox 461 351 493 410; x_wconf 92' lang='lat' dir='ltr'><strong>et</strong></span> <span class='ocrx_word' id='word_1_10' title='bbox 520 344 669 428; x_wconf 86' lang='lat' dir='ltr'><strong>interim,</strong></span> <span class='ocrx_word' id='word_1_11' title='bbox 695 343 789 497; x_wconf 87' lang='lat' dir='ltr'><strong>quasi</strong></span> <span class='ocrx_word' id='word_1_12' title='bbox 817 342 982 442; x_wconf 76' lang='lat' dir='ltr'><strong>specimen</strong></span> <span class='ocrx_word' id='word_1_13' title='bbox 1013 342 1176 426; x_wconf 84' lang='lat' dir='ltr'><strong>quoddam</strong></span> 
     </span>
     <span class='ocr_line' id='line_1_3' title="bbox 158 431 1176 535; baseline -0.002 -35"><span class='ocrx_word' id='word_1_14' title='bbox 158 441 214 500; x_wconf 91' lang='lat' dir='ltr'><strong>aut</strong></span> <span class='ocrx_word' id='word_1_15' title='bbox 249 435 370 535; x_wconf 83' lang='lat' dir='ltr'><strong>pignus</strong></span> <span class='ocrx_word' id='word_1_16' title='bbox 398 438 473 499; x_wconf 88' lang='lat' dir='ltr'><strong>nost</strong></span> <span class='ocrx_word' id='word_1_17' title='bbox 474 456 527 499; x_wconf 90' lang='lat' dir='ltr'><strong>rae</strong></span> <span class='ocrx_word' id='word_1_18' title='bbox 560 434 710 499; x_wconf 87' lang='lat' dir='ltr'><strong>uoluntat</strong></span> <span class='ocrx_word' id='word_1_19' title='bbox 660 432 752 516; x_wconf 87' lang='lat' dir='ltr'><strong>tais,</strong></span> <span class='ocrx_word' id='word_1_20' title='bbox 785 431 916 532; x_wconf 79' lang='lat' dir='ltr'><strong>egregia</strong></span> <span class='ocrx_word' id='word_1_21' title='bbox 948 431 1105 532; x_wconf 77' lang='lat' dir='ltr'><strong>quaedam</strong></span> <span class='ocrx_word' id='word_1_22' title='bbox 1138 432 1176 500; x_wconf 93' lang='lat' dir='ltr'><strong>de</strong></span> 
     </span>
     <span class='ocr_line' id='line_1_4' title="bbox 151 519 1176 604; baseline -0.004 -15"><span class='ocrx_word' id='word_1_23' title='bbox 151 523 257 589; x_wconf 60' lang='lat' dir='ltr'><strong>‘locut&#39;</strong></span> <span class='ocrx_word' id='word_1_24' title='bbox 233 527 322 588; x_wconf 83' lang='lat' dir='ltr'><strong>trone</strong></span> <span class='ocrx_word' id='word_1_25' title='bbox 345 522 407 588; x_wconf 86' lang='lat' dir='ltr'><strong>Dei</strong></span> <span class='ocrx_word' id='word_1_26' title='bbox 431 523 472 587; x_wconf 94' lang='lat' dir='ltr'><strong>ab</strong></span> <span class='ocrx_word' id='word_1_27' title='bbox 498 522 668 586; x_wconf 77' lang='lat' dir='ltr'><strong>excellenti</strong></span> <span class='ocrx_word' id='word_1_28' title='bbox 641 521 767 586; x_wconf 89' lang='lat' dir='ltr'><strong>tuiro</strong></span> <span class='ocrx_word' id='word_1_29' title='bbox 790 519 972 604; x_wconf 86' lang='lat' dir='ltr'><strong>conscripta</strong></span> <span class='ocrx_word' id='word_1_30' title='bbox 1000 520 1066 604; x_wconf 90' lang='lat' dir='ltr'><strong>piis</strong></span> <span class='ocrx_word' id='word_1_31' title='bbox 1088 543 1176 585; x_wconf 92' lang='lat' dir='ltr'><strong>men-</strong></span> 
     </span>
     <span class='ocr_line' id='line_1_5' title="bbox 158 608 1177 710; baseline -0.004 -32.933"><span class='ocrx_word' id='word_1_32' title='bbox 158 612 313 678; x_wconf 85' lang='lat' dir='ltr'><strong>tibusac</strong></span> <span class='ocrx_word' id='word_1_33' title='bbox 276 633 498 676; x_wconf 85' lang='lat' dir='ltr'><strong>aasaorarum</strong></span> <span class='ocrx_word' id='word_1_34' title='bbox 525 610 715 710; x_wconf 85' lang='lat' dir='ltr'><strong>litterarum,</strong></span> <span class='ocrx_word' id='word_1_35' title='bbox 739 608 822 673; x_wconf 92' lang='lat' dir='ltr'><strong>idest</strong></span> <span class='ocrx_word' id='word_1_36' title='bbox 808 612 940 674; x_wconf 92' lang='lat' dir='ltr'><strong>tuerae</strong></span> <span class='ocrx_word' id='word_1_37' title='bbox 963 608 1177 693; x_wconf 85' lang='lat' dir='ltr'><strong>gloriaestu</strong></span> 
     </span>
     <span class='ocr_line' id='line_1_6' title="bbox 130 696 1176 800; baseline 0 -38"><span class='ocrx_word' id='word_1_38' title='bbox 130 722 144 762; x_wconf 81' lang='grc'><strong>1</strong></span> <span class='ocrx_word' id='word_1_39' title='bbox 159 701 258 767; x_wconf 87' lang='lat' dir='ltr'><strong>diosis</strong></span> <span class='ocrx_word' id='word_1_40' title='bbox 272 698 572 800; x_wconf 85' lang='lat' dir='ltr'><strong>communicandum</strong></span> <span class='ocrx_word' id='word_1_41' title='bbox 586 698 776 762; x_wconf 92' lang='lat' dir='ltr'><strong>censuimus</strong></span> <span class='ocrx_word' id='word_1_42' title='bbox 800 718 881 781; x_wconf 90' lang='lat' dir='ltr'><strong>quae</strong></span> <span class='ocrx_word' id='word_1_43' title='bbox 897 696 1022 764; x_wconf 91' lang='lat' dir='ltr'><strong>duabus</strong></span> <span class='ocrx_word' id='word_1_44' title='bbox 1035 697 1176 763; x_wconf 84' lang='lat' dir='ltr'><strong>maxime</strong></span> 
     </span>
     <span class='ocr_line' id='line_1_7' title="bbox 159 784 1175 873; baseline -0.003 -19"><span class='ocrx_word' id='word_1_45' title='bbox 159 790 197 854; x_wconf 93' lang='lat' dir='ltr'><strong>de</strong></span> <span class='ocrx_word' id='word_1_46' title='bbox 221 788 351 873; x_wconf 76' lang='lat' dir='ltr'><strong>caussiS,</strong></span> <span class='ocrx_word' id='word_1_47' title='bbox 373 791 525 871; x_wconf 79' lang='lat' dir='ltr'><strong>praestem</strong></span> <span class='ocrx_word' id='word_1_48' title='bbox 483 786 649 854; x_wconf 79' lang='lat' dir='ltr'><strong>entissime</strong></span> <span class='ocrx_word' id='word_1_49' title='bbox 673 786 732 871; x_wconf 89' lang='lat' dir='ltr'><strong>uir,</strong></span> <span class='ocrx_word' id='word_1_50' title='bbox 755 789 812 850; x_wconf 94' lang='lat' dir='ltr'><strong>tuo</strong></span> <span class='ocrx_word' id='word_1_51' title='bbox 830 784 961 850; x_wconf 91' lang='lat' dir='ltr'><strong>nomine</strong></span> <span class='ocrx_word' id='word_1_52' title='bbox 980 784 1088 850; x_wconf 91' lang='lat' dir='ltr'><strong>decuit</strong></span> <span class='ocrx_word' id='word_1_53' title='bbox 1107 808 1175 851; x_wconf 88' lang='lat' dir='ltr'><strong>esse</strong></span> 
     </span>
     <span class='ocr_line' id='line_1_8' title="bbox 158 872 1174 1028; baseline 0 -87"><span class='ocrx_word' id='word_1_54' title='bbox 158 878 327 976; x_wconf 80' lang='lat' dir='ltr'><strong>inscripta:</strong></span> <span class='ocrx_word' id='word_1_55' title='bbox 359 875 515 960; x_wconf 89' lang='lat' dir='ltr'><strong>primum,</strong></span> <span class='ocrx_word' id='word_1_56' title='bbox 543 874 629 958; x_wconf 92' lang='lat' dir='ltr'><strong>quod</strong></span> <span class='ocrx_word' id='word_1_57' title='bbox 639 877 787 1028; x_wconf 78' lang='lat' dir='ltr'><strong>tsuscept</strong></span> <span class='ocrx_word' id='word_1_58' title='bbox 789 897 808 938; x_wconf 93' lang='lat' dir='ltr'><strong>o</strong></span> <span class='ocrx_word' id='word_1_59' title='bbox 772 872 1021 938; x_wconf 86' lang='lat' dir='ltr'><strong>tAoademiae</strong></span> <span class='ocrx_word' id='word_1_60' title='bbox 1044 879 1174 942; x_wconf 88' lang='lat' dir='ltr'><strong>nostrae</strong></span> 
     </span>
     <span class='ocr_line' id='line_1_9' title="bbox 157 962 1175 1050; baseline 0 -22"><span class='ocrx_word' id='word_1_61' title='bbox 157 964 335 1050; x_wconf 87' lang='lat' dir='ltr'><strong>patrocinio</strong></span> <span class='ocrx_word' id='word_1_62' title='bbox 358 963 442 1028; x_wconf 89' lang='lat' dir='ltr'><strong>nihil</strong></span> <span class='ocrx_word' id='word_1_63' title='bbox 464 967 557 1048; x_wconf 90' lang='lat' dir='ltr'><strong>praet</strong></span> <span class='ocrx_word' id='word_1_64' title='bbox 559 963 654 1028; x_wconf 92' lang='lat' dir='ltr'><strong>ermit</strong></span> <span class='ocrx_word' id='word_1_65' title='bbox 654 963 711 1048; x_wconf 81' lang='lat' dir='ltr'><strong>tis,</strong></span> <span class='ocrx_word' id='word_1_66' title='bbox 738 962 825 1047; x_wconf 94' lang='lat' dir='ltr'><strong>quod</strong></span> <span class='ocrx_word' id='word_1_67' title='bbox 843 962 883 1026; x_wconf 90' lang='lat' dir='ltr'><strong>ad</strong></span> <span class='ocrx_word' id='word_1_68' title='bbox 906 984 976 1026; x_wconf 90' lang='lat' dir='ltr'><strong>eam</strong></span> <span class='ocrx_word' id='word_1_69' title='bbox 999 963 1175 1028; x_wconf 85' lang='lat' dir='ltr'><strong>ornandam</strong></span> 
     </span>
     <span class='ocr_line' id='line_1_10' title="bbox 158 1051 1175 1138; baseline -0.001 -21"><span class='ocrx_word' id='word_1_70' title='bbox 158 1051 400 1138; x_wconf 87' lang='lat' dir='ltr'><strong>augendamque</strong></span> <span class='ocrx_word' id='word_1_71' title='bbox 423 1052 635 1138; x_wconf 87' lang='lat' dir='ltr'><strong>pertineat,e</strong></span> <span class='ocrx_word' id='word_1_72' title='bbox 618 1055 650 1116; x_wconf 92' lang='grc'><strong>1</strong></span> <span class='ocrx_word' id='word_1_73' title='bbox 672 1074 745 1136; x_wconf 89' lang='lat' dir='ltr'><strong>nos,</strong></span> <span class='ocrx_word' id='word_1_74' title='bbox 769 1073 850 1135; x_wconf 88' lang='lat' dir='ltr'><strong>quae</strong></span> <span class='ocrx_word' id='word_1_75' title='bbox 874 1054 948 1114; x_wconf 90' lang='grc'><strong>111</strong></span> <span class='ocrx_word' id='word_1_76' title='bbox 972 1051 1079 1115; x_wconf 90' lang='lat' dir='ltr'><strong>officia</strong></span> <span class='ocrx_word' id='word_1_77' title='bbox 1103 1074 1175 1136; x_wconf 90' lang='lat' dir='ltr'><strong>pro-</strong></span> 
     </span>
     <span class='ocr_line' id='line_1_11' title="bbox 117 1139 1175 1226; baseline 0.004 -25"><span class='ocrx_word' id='word_1_78' title='bbox 117 1163 144 1203; x_wconf 84' lang='grc'><strong>11</strong></span> <span class='ocrx_word' id='word_1_79' title='bbox 157 1141 353 1224; x_wconf 89' lang='lat' dir='ltr'><strong>ficiscuntur,</strong></span> <span class='ocrx_word' id='word_1_80' title='bbox 368 1140 487 1225; x_wconf 92' lang='lat' dir='ltr'><strong>quibus</strong></span> <span class='ocrx_word' id='word_1_81' title='bbox 502 1140 626 1226; x_wconf 88' lang='lat' dir='ltr'><strong>animis,</strong></span> <span class='ocrx_word' id='word_1_82' title='bbox 642 1162 738 1225; x_wconf 91' lang='lat' dir='ltr'><strong>quam</strong></span> <span class='ocrx_word' id='word_1_83' title='bbox 751 1139 941 1221; x_wconf 77' lang='lat' dir='ltr'><strong>libentibus,</strong></span> <span class='ocrx_word' id='word_1_84' title='bbox 961 1161 1058 1223; x_wconf 93' lang='lat' dir='ltr'><strong>quam</strong></span> <span class='ocrx_word' id='word_1_85' title='bbox 1071 1141 1175 1226; x_wconf 82' lang='lat' dir='ltr'><strong>gratis</strong></span> 
     </span>
     <span class='ocr_line' id='line_1_12' title="bbox 159 1227 1175 1315; baseline 0 -22"><span class='ocrx_word' id='word_1_86' title='bbox 159 1229 371 1315; x_wconf 73' lang='lat' dir='ltr'><strong>excipiamus,</strong></span> <span class='ocrx_word' id='word_1_87' title='bbox 403 1229 512 1313; x_wconf 88' lang='lat' dir='ltr'><strong>aliquo</strong></span> <span class='ocrx_word' id='word_1_88' title='bbox 545 1229 624 1293; x_wconf 91' lang='lat' dir='ltr'><strong>item</strong></span> <span class='ocrx_word' id='word_1_89' title='bbox 657 1228 764 1293; x_wconf 87' lang='lat' dir='ltr'><strong>officio</strong></span> <span class='ocrx_word' id='word_1_90' title='bbox 797 1249 870 1292; x_wconf 93' lang='lat' dir='ltr'><strong>cum</strong></span> <span class='ocrx_word' id='word_1_91' title='bbox 902 1227 1012 1311; x_wconf 88' lang='lat' dir='ltr'><strong>ipsit</strong></span> <span class='ocrx_word' id='word_1_92' title='bbox 998 1228 1076 1312; x_wconf 90' lang='lat' dir='ltr'><strong>tibi,</strong></span> <span class='ocrx_word' id='word_1_93' title='bbox 1104 1233 1175 1293; x_wconf 91' lang='lat' dir='ltr'><strong>tum</strong></span> 
     </span>
     <span class='ocr_line' id='line_1_13' title="bbox 158 1315 1176 1400; baseline -0.001 -18"><span class='ocrx_word' id='word_1_94' title='bbox 158 1319 274 1383; x_wconf 88' lang='lat' dir='ltr'><strong>ceteris</strong></span> <span class='ocrx_word' id='word_1_95' title='bbox 293 1317 443 1382; x_wconf 90' lang='lat' dir='ltr'><strong>omnibus</strong></span> <span class='ocrx_word' id='word_1_96' title='bbox 462 1317 581 1382; x_wconf 86' lang='lat' dir='ltr'><strong>indicat</strong></span> <span class='ocrx_word' id='word_1_97' title='bbox 567 1321 638 1382; x_wconf 93' lang='lat' dir='ltr'><strong>tum</strong></span> <span class='ocrx_word' id='word_1_98' title='bbox 656 1316 859 1400; x_wconf 91' lang='lat' dir='ltr'><strong>maximeque</strong></span> <span class='ocrx_word' id='word_1_99' title='bbox 879 1315 1088 1399; x_wconf 87' lang='lat' dir='ltr'><strong>perspicuum</strong></span> <span class='ocrx_word' id='word_1_100' title='bbox 1107 1338 1176 1381; x_wconf 89' lang='lat' dir='ltr'><strong>esse</strong></span> 
     </span>
     <span class='ocr_line' id='line_1_14' title="bbox 158 1405 1175 1491; baseline -0.001 -21"><span class='ocrx_word' id='word_1_101' title='bbox 158 1406 319 1490; x_wconf 80' lang='lat' dir='ltr'><strong>cupimus3</strong></span> <span class='ocrx_word' id='word_1_102' title='bbox 351 1405 480 1490; x_wconf 90' lang='lat' dir='ltr'><strong>demde,</strong></span> <span class='ocrx_word' id='word_1_103' title='bbox 514 1427 595 1491; x_wconf 90' lang='lat' dir='ltr'><strong>quae</strong></span> <span class='ocrx_word' id='word_1_104' title='bbox 623 1405 661 1469; x_wconf 95' lang='lat' dir='ltr'><strong>de</strong></span> <span class='ocrx_word' id='word_1_105' title='bbox 689 1405 758 1470; x_wconf 93' lang='lat' dir='ltr'><strong>Deo</strong></span> <span class='ocrx_word' id='word_1_106' title='bbox 787 1405 979 1491; x_wconf 86' lang='lat' dir='ltr'><strong>loquuntur,</strong></span> <span class='ocrx_word' id='word_1_107' title='bbox 1010 1405 1052 1469; x_wconf 89' lang='lat' dir='ltr'><strong>ad</strong></span> <span class='ocrx_word' id='word_1_108' title='bbox 1079 1427 1175 1488; x_wconf 92' lang='lat' dir='ltr'><strong>quem</strong></span> 
     </span>
     <span class='ocr_line' id='line_1_15' title="bbox 157 1493 1174 1593; baseline -0.001 -35"><span class='ocrx_word' id='word_1_109' title='bbox 157 1495 341 1578; x_wconf 91' lang='lat' dir='ltr'><strong>potiusm1</strong></span> <span class='ocrx_word' id='word_1_110' title='bbox 296 1493 384 1559; x_wconf 88' lang='lat' dir='ltr'><strong>mitti</strong></span> <span class='ocrx_word' id='word_1_111' title='bbox 412 1516 551 1579; x_wconf 92' lang='lat' dir='ltr'><strong>aequum</strong></span> <span class='ocrx_word' id='word_1_112' title='bbox 578 1493 655 1581; x_wconf 84' lang='lat' dir='ltr'><strong>fuit,</strong></span> <span class='ocrx_word' id='word_1_113' title='bbox 683 1516 779 1578; x_wconf 94' lang='lat' dir='ltr'><strong>quam</strong></span> <span class='ocrx_word' id='word_1_114' title='bbox 803 1493 953 1593; x_wconf 79' lang='lat' dir='ltr'><strong>adeum,</strong></span> <span class='ocrx_word' id='word_1_115' title='bbox 984 1493 1041 1576; x_wconf 92' lang='lat' dir='ltr'><strong>qui</strong></span> <span class='ocrx_word' id='word_1_116' title='bbox 1065 1493 1174 1558; x_wconf 89' lang='lat' dir='ltr'><strong>diuina</strong></span> 
     </span>
     <span class='ocr_line' id='line_1_16' title="bbox 118 1581 1174 1665; baseline 0.003 -21"><span class='ocrx_word' id='word_1_117' title='bbox 118 1604 144 1644; x_wconf 79' lang='lat'><strong>15</strong></span> <span class='ocrx_word' id='word_1_118' title='bbox 159 1587 189 1648; x_wconf 93' lang='lat' dir='ltr'><strong>st</strong></span> <span class='ocrx_word' id='word_1_119' title='bbox 174 1582 295 1648; x_wconf 90' lang='lat' dir='ltr'><strong>tudia</strong></span> <span class='ocrx_word' id='word_1_120' title='bbox 287 1606 322 1647; x_wconf 94' lang='lat' dir='ltr'><strong>m</strong></span> <span class='ocrx_word' id='word_1_121' title='bbox 349 1583 437 1648; x_wconf 90' lang='lat' dir='ltr'><strong>omni</strong></span> <span class='ocrx_word' id='word_1_122' title='bbox 461 1605 536 1648; x_wconf 89' lang='lat' dir='ltr'><strong>suae</strong></span> <span class='ocrx_word' id='word_1_123' title='bbox 563 1582 650 1646; x_wconf 91' lang='lat' dir='ltr'><strong>uitae</strong></span> <span class='ocrx_word' id='word_1_124' title='bbox 673 1604 768 1647; x_wconf 90' lang='lat' dir='ltr'><strong>cursu</strong></span> <span class='ocrx_word' id='word_1_125' title='bbox 796 1581 919 1646; x_wconf 87' lang='lat' dir='ltr'><strong>cunctis</strong></span> <span class='ocrx_word' id='word_1_126' title='bbox 943 1584 975 1645; x_wconf 88' lang='lat' dir='ltr'><strong>et</strong></span> <span class='ocrx_word' id='word_1_127' title='bbox 999 1582 1120 1665; x_wconf 87' lang='lat' dir='ltr'><strong>opibus</strong></span> <span class='ocrx_word' id='word_1_128' title='bbox 1144 1585 1174 1646; x_wconf 94' lang='lat' dir='ltr'><strong>et</strong></span> 
     </span>
     <span class='ocr_line' id='line_1_17' title="bbox 158 1669 1173 1756; baseline -0.002 -20"><span class='ocrx_word' id='word_1_129' title='bbox 158 1671 338 1737; x_wconf 89' lang='lat' dir='ltr'><strong>honoribus</strong></span> <span class='ocrx_word' id='word_1_130' title='bbox 369 1671 578 1756; x_wconf 76' lang='lat' dir='ltr'><strong>anteposuit?</strong></span> <span class='ocrx_word' id='word_1_131' title='bbox 629 1670 685 1754; x_wconf 92' lang='lat' dir='ltr'><strong>qui</strong></span> <span class='ocrx_word' id='word_1_132' title='bbox 717 1692 789 1735; x_wconf 91' lang='lat' dir='ltr'><strong>cum</strong></span> <span class='ocrx_word' id='word_1_133' title='bbox 822 1670 1006 1734; x_wconf 90' lang='lat' dir='ltr'><strong>uniuersam</strong></span> <span class='ocrx_word' id='word_1_134' title='bbox 1038 1669 1077 1733; x_wconf 91' lang='lat' dir='ltr'><strong>de</strong></span> <span class='ocrx_word' id='word_1_135' title='bbox 1106 1671 1173 1736; x_wconf 91' lang='lat' dir='ltr'><strong>Deo</strong></span> 
     </span>
     <span class='ocr_line' id='line_1_18' title="bbox 49 1758 1175 1845; baseline -0.002 -21"><span class='ocrx_word' id='word_1_136' title='bbox 49 1781 52 1786; x_wconf 90' lang='lat'>·</span> <span class='ocrx_word' id='word_1_137' title='bbox 159 1760 341 1844; x_wconf 89' lang='lat' dir='ltr'><strong>diuinisque</strong></span> <span class='ocrx_word' id='word_1_138' title='bbox 364 1761 472 1845; x_wconf 86' lang='lat' dir='ltr'><strong>rebus</strong></span> <span class='ocrx_word' id='word_1_139' title='bbox 512 1759 691 1824; x_wconf 89' lang='lat' dir='ltr'><strong>doctrinam</strong></span> <span class='ocrx_word' id='word_1_140' title='bbox 728 1758 966 1824; x_wconf 89' lang='lat' dir='ltr'><strong>accuratissime</strong></span> <span class='ocrx_word' id='word_1_141' title='bbox 1004 1758 1175 1843; x_wconf 90' lang='lat' dir='ltr'><strong>quaesiuit,</strong></span> 
     </span>
     <span class='ocr_line' id='line_1_19' title="bbox 157 1847 1176 1930; baseline 0.003 -18"><span class='ocrx_word' id='word_1_142' title='bbox 157 1853 228 1913; x_wconf 89' lang='grc'>111111</span> <span class='ocrx_word' id='word_1_143' title='bbox 251 1869 328 1912; x_wconf 90' lang='lat' dir='ltr'><strong>uero</strong></span> <span class='ocrx_word' id='word_1_144' title='bbox 353 1869 425 1912; x_wconf 89' lang='lat' dir='ltr'><strong>oum</strong></span> <span class='ocrx_word' id='word_1_145' title='bbox 449 1847 521 1930; x_wconf 91' lang='lat' dir='ltr'><strong>ipsa</strong></span> <span class='ocrx_word' id='word_1_146' title='bbox 544 1847 690 1912; x_wconf 88' lang='lat' dir='ltr'><strong>doctrina</strong></span> <span class='ocrx_word' id='word_1_147' title='bbox 708 1847 795 1911; x_wconf 91' lang='lat' dir='ltr'><strong>uitae</strong></span> <span class='ocrx_word' id='word_1_148' title='bbox 825 1847 983 1911; x_wconf 90' lang='lat' dir='ltr'><strong>rationem</strong></span> <span class='ocrx_word' id='word_1_149' title='bbox 1006 1847 1176 1915; x_wconf 87' lang='lat' dir='ltr'><strong>coniunxit</strong></span> 
     </span>
     <span class='ocr_line' id='line_1_20' title="bbox 158 1935 1174 2020; baseline 0.001 -21"><span class='ocrx_word' id='word_1_150' title='bbox 158 1939 199 2018; x_wconf 89' lang='lat' dir='ltr'><strong>et,</strong></span> <span class='ocrx_word' id='word_1_151' title='bbox 223 1940 259 1999; x_wconf 94' lang='lat' dir='ltr'><strong>ut</strong></span> <span class='ocrx_word' id='word_1_152' title='bbox 283 1956 393 1998; x_wconf 91' lang='lat' dir='ltr'><strong>omnes</strong></span> <span class='ocrx_word' id='word_1_153' title='bbox 416 1939 538 1999; x_wconf 89' lang='lat' dir='ltr'><strong>rectam</strong></span> <span class='ocrx_word' id='word_1_154' title='bbox 561 1935 799 2019; x_wconf 86' lang='lat' dir='ltr'><strong>salutaremque</strong></span> <span class='ocrx_word' id='word_1_155' title='bbox 827 1935 914 1999; x_wconf 88' lang='lat' dir='ltr'><strong>uiam</strong></span> <span class='ocrx_word' id='word_1_156' title='bbox 936 1939 1086 2000; x_wconf 91' lang='lat' dir='ltr'><strong>tenerent</strong></span> <span class='ocrx_word' id='word_1_157' title='bbox 1110 1939 1174 2020; x_wconf 89' lang='lat' dir='ltr'><strong>aut,</strong></span> 
     </span>
     <span class='ocr_line' id='line_1_21' title="bbox 116 2022 1173 2109; baseline 0.001 -22"><span class='ocrx_word' id='word_1_158' title='bbox 116 2045 144 2087; x_wconf 82' lang='lat' dir='ltr'><strong>ao</strong></span> <span class='ocrx_word' id='word_1_159' title='bbox 158 2022 214 2108; x_wconf 90' lang='lat' dir='ltr'><strong>qui</strong></span> <span class='ocrx_word' id='word_1_160' title='bbox 238 2023 449 2106; x_wconf 87' lang='lat' dir='ltr'><strong>diuerterant,</strong></span> <span class='ocrx_word' id='word_1_161' title='bbox 473 2023 508 2087; x_wconf 93' lang='lat' dir='ltr'><strong>in</strong></span> <span class='ocrx_word' id='word_1_162' title='bbox 531 2045 601 2088; x_wconf 90' lang='lat' dir='ltr'><strong>eam</strong></span> <span class='ocrx_word' id='word_1_163' title='bbox 623 2027 865 2109; x_wconf 85' lang='lat' dir='ltr'><strong>renouarentur,</strong></span> <span class='ocrx_word' id='word_1_164' title='bbox 893 2023 999 2088; x_wconf 87' lang='lat' dir='ltr'><strong>studio</strong></span> <span class='ocrx_word' id='word_1_165' title='bbox 1028 2024 1173 2109; x_wconf 89' lang='lat' dir='ltr'><strong>oonsilio,</strong></span> 
     </span>
     <span class='ocr_line' id='line_1_22' title="bbox 157 2111 1172 2177; baseline 0.001 -1"><span class='ocrx_word' id='word_1_166' title='bbox 157 2111 289 2177; x_wconf 89' lang='lat' dir='ltr'><strong>monitis</strong></span> <span class='ocrx_word' id='word_1_167' title='bbox 313 2111 505 2176; x_wconf 87' lang='lat' dir='ltr'><strong>auctoritate</strong></span> <span class='ocrx_word' id='word_1_168' title='bbox 528 2112 702 2177; x_wconf 88' lang='lat' dir='ltr'><strong>contendit.</strong></span> <span class='ocrx_word' id='word_1_169' title='bbox 749 2111 832 2176; x_wconf 89' lang='lat' dir='ltr'><strong>nihil</strong></span> <span class='ocrx_word' id='word_1_170' title='bbox 855 2111 991 2176; x_wconf 89' lang='lat' dir='ltr'><strong>obscure</strong></span> <span class='ocrx_word' id='word_1_171' title='bbox 1019 2113 1172 2177; x_wconf 76' lang='grc'>11111111-</span> 
     </span>
     <span class='ocr_line' id='line_1_23' title="bbox 157 2199 1174 2286; baseline 0.002 -20"><span class='ocrx_word' id='word_1_172' title='bbox 157 2200 268 2284; x_wconf 88' lang='lat' dir='ltr'><strong>quitur</strong></span> <span class='ocrx_word' id='word_1_173' title='bbox 290 2205 323 2265; x_wconf 93' lang='lat' dir='ltr'><strong>te</strong></span> <span class='ocrx_word' id='word_1_174' title='bbox 347 2200 412 2265; x_wconf 90' lang='lat' dir='ltr'><strong>tuis</strong></span> <span class='ocrx_word' id='word_1_175' title='bbox 435 2199 623 2285; x_wconf 70' lang='lat' dir='ltr'><strong>uirtutibus</strong></span> <span class='ocrx_word' id='word_1_176' title='bbox 645 2201 729 2266; x_wconf 91' lang='lat' dir='ltr'><strong>nihil</strong></span> <span class='ocrx_word' id='word_1_177' title='bbox 752 2199 790 2264; x_wconf 91' lang='lat' dir='ltr'><strong>de</strong></span> <span class='ocrx_word' id='word_1_178' title='bbox 813 2204 846 2264; x_wconf 90' lang='lat' dir='ltr'><strong>te</strong></span> <span class='ocrx_word' id='word_1_179' title='bbox 870 2204 925 2265; x_wconf 91' lang='lat' dir='ltr'><strong>aut</strong></span> <span class='ocrx_word' id='word_1_180' title='bbox 944 2200 1100 2286; x_wconf 84' lang='lat' dir='ltr'><strong>exiguum</strong></span> <span class='ocrx_word' id='word_1_181' title='bbox 1119 2205 1174 2270; x_wconf 90' lang='lat' dir='ltr'><strong>aut</strong></span> 
     </span>
     <span class='ocr_line' id='line_1_24' title="bbox 157 2288 1173 2374; baseline 0.001 -21"><span class='ocrx_word' id='word_1_182' title='bbox 157 2289 293 2354; x_wconf 93' lang='lat' dir='ltr'><strong>dubium</strong></span> <span class='ocrx_word' id='word_1_183' title='bbox 306 2290 448 2354; x_wconf 86' lang='lat' dir='ltr'><strong>affertur</strong></span> <span class='ocrx_word' id='word_1_184' title='bbox 486 2293 544 2373; x_wconf 91' lang='lat' dir='ltr'><strong>pat</strong></span> <span class='ocrx_word' id='word_1_185' title='bbox 546 2293 600 2353; x_wconf 94' lang='lat' dir='ltr'><strong>ent</strong></span> <span class='ocrx_word' id='word_1_186' title='bbox 586 2289 702 2353; x_wconf 91' lang='lat' dir='ltr'><strong>ttmul</strong></span> <span class='ocrx_word' id='word_1_187' title='bbox 703 2289 732 2353; x_wconf 88' lang='lat' dir='ltr'><strong>is</strong></span> <span class='ocrx_word' id='word_1_188' title='bbox 751 2311 788 2352; x_wconf 90' lang='lat' dir='ltr'><strong>ao</strong></span> <span class='ocrx_word' id='word_1_189' title='bbox 803 2288 991 2353; x_wconf 89' lang='lat' dir='ltr'><strong>certissimis</strong></span> <span class='ocrx_word' id='word_1_190' title='bbox 1005 2311 1173 2374; x_wconf 85' lang='lat' dir='ltr'><strong>argumen-</strong></span> 
     </span>
     <span class='ocr_line' id='line_1_25' title="bbox 155 2376 1175 2461; baseline 0.001 -21"><span class='ocrx_word' id='word_1_191' title='bbox 155 2376 200 2441; x_wconf 89' lang='lat' dir='ltr'><strong>tis</strong></span> <span class='ocrx_word' id='word_1_192' title='bbox 223 2377 341 2441; x_wconf 88' lang='lat' dir='ltr'><strong>eximia</strong></span> <span class='ocrx_word' id='word_1_193' title='bbox 364 2383 420 2440; x_wconf 92' lang='lat' dir='ltr'><strong>tua</strong></span> <span class='ocrx_word' id='word_1_194' title='bbox 444 2377 479 2441; x_wconf 91' lang='lat' dir='ltr'><strong>in</strong></span> <span class='ocrx_word' id='word_1_195' title='bbox 503 2376 623 2442; x_wconf 83' lang='lat' dir='ltr'><strong>Christi</strong></span> <span class='ocrx_word' id='word_1_196' title='bbox 645 2377 825 2443; x_wconf 82' lang='lat' dir='ltr'><strong>Ecclesiam</strong></span> <span class='ocrx_word' id='word_1_197' title='bbox 847 2377 975 2461; x_wconf 70' lang='lat' dir='ltr'><strong>merita,</strong></span> <span class='ocrx_word' id='word_1_198' title='bbox 1006 2378 1175 2443; x_wconf 88' lang='lat' dir='ltr'><strong>coluntte</strong></span> 
     </span>
     <span class='ocr_line' id='line_1_26' title="bbox 116 2464 1176 2552; baseline 0.002 -24"><span class='ocrx_word' id='word_1_199' title='bbox 116 2486 142 2528; x_wconf 81' lang='lat'><strong>25</strong></span> <span class='ocrx_word' id='word_1_200' title='bbox 157 2486 268 2528; x_wconf 87' lang='lat' dir='ltr'><strong>omnes</strong></span> <span class='ocrx_word' id='word_1_201' title='bbox 291 2464 334 2528; x_wconf 90' lang='lat' dir='ltr'><strong>ob</strong></span> <span class='ocrx_word' id='word_1_202' title='bbox 359 2464 459 2529; x_wconf 87' lang='lat' dir='ltr'><strong>doct</strong></span> <span class='ocrx_word' id='word_1_203' title='bbox 419 2468 546 2546; x_wconf 88' lang='lat' dir='ltr'><strong>trmam,</strong></span> <span class='ocrx_word' id='word_1_204' title='bbox 569 2465 684 2528; x_wconf 91' lang='lat' dir='ltr'><strong>imitan</strong></span> <span class='ocrx_word' id='word_1_205' title='bbox 684 2469 738 2529; x_wconf 91' lang='lat' dir='ltr'><strong>tur</strong></span> <span class='ocrx_word' id='word_1_206' title='bbox 684 2464 852 2529; x_wconf 89' lang='lat' dir='ltr'><strong>ttmuli</strong></span> <span class='ocrx_word' id='word_1_207' title='bbox 876 2465 991 2529; x_wconf 95' lang='lat' dir='ltr'><strong>obt</strong></span> <span class='ocrx_word' id='word_1_208' title='bbox 942 2469 991 2529; x_wconf 91' lang='lat' dir='ltr'><strong>mt</strong></span> <span class='ocrx_word' id='word_1_209' title='bbox 993 2465 1098 2552; x_wconf 84' lang='lat' dir='ltr'><strong>egrita</strong></span> <span class='ocrx_word' id='word_1_210' title='bbox 1099 2470 1176 2552; x_wconf 88' lang='lat' dir='ltr'><strong>tem,</strong></span> 
     </span>
     <span class='ocr_line' id='line_1_27' title="bbox 156 2551 1172 2653; baseline 0.002 -36"><span class='ocrx_word' id='word_1_211' title='bbox 156 2557 266 2617; x_wconf 91' lang='lat' dir='ltr'><strong>amant</strong></span> <span class='ocrx_word' id='word_1_212' title='bbox 252 2552 333 2616; x_wconf 92' lang='lat' dir='ltr'><strong>tob</strong></span> <span class='ocrx_word' id='word_1_213' title='bbox 358 2551 506 2616; x_wconf 87' lang='lat' dir='ltr'><strong>humanit</strong></span> <span class='ocrx_word' id='word_1_214' title='bbox 492 2556 593 2616; x_wconf 88' lang='lat' dir='ltr'><strong>tatem</strong></span> <span class='ocrx_word' id='word_1_215' title='bbox 616 2552 819 2653; x_wconf 84' lang='lat' dir='ltr'><strong>maximeque</strong></span> <span class='ocrx_word' id='word_1_216' title='bbox 839 2554 881 2617; x_wconf 94' lang='lat' dir='ltr'><strong>ob</strong></span> <span class='ocrx_word' id='word_1_217' title='bbox 900 2558 1021 2618; x_wconf 84' lang='lat' dir='ltr'><strong>rectam</strong></span> <span class='ocrx_word' id='word_1_218' title='bbox 1044 2575 1081 2618; x_wconf 95' lang='lat' dir='ltr'><strong>ac</strong></span> <span class='ocrx_word' id='word_1_219' title='bbox 1100 2554 1172 2619; x_wconf 88' lang='lat' dir='ltr'><strong>sim-</strong></span> 
     </span>
     <span class='ocr_line' id='line_1_28' title="bbox 156 2639 1175 2729; baseline 0.002 -25"><span class='ocrx_word' id='word_1_220' title='bbox 156 2639 274 2723; x_wconf 89' lang='lat' dir='ltr'><strong>plicem</strong></span> <span class='ocrx_word' id='word_1_221' title='bbox 296 2643 446 2703; x_wconf 89' lang='lat' dir='ltr'><strong>naturam</strong></span> <span class='ocrx_word' id='word_1_222' title='bbox 473 2640 514 2703; x_wconf 88' lang='lat' dir='ltr'><strong>ab</strong></span> <span class='ocrx_word' id='word_1_223' title='bbox 544 2641 632 2705; x_wconf 92' lang='lat' dir='ltr'><strong>omni</strong></span> <span class='ocrx_word' id='word_1_224' title='bbox 660 2641 734 2705; x_wconf 88' lang='lat' dir='ltr'><strong>fuco</strong></span> <span class='ocrx_word' id='word_1_225' title='bbox 764 2641 915 2726; x_wconf 89' lang='lat' dir='ltr'><strong>omnique</strong></span> <span class='ocrx_word' id='word_1_226' title='bbox 944 2643 1007 2707; x_wconf 87' lang='lat' dir='ltr'><strong>fast</strong></span> <span class='ocrx_word' id='word_1_227' title='bbox 993 2647 1030 2707; x_wconf 93' lang='lat' dir='ltr'><strong>tu</strong></span> <span class='ocrx_word' id='word_1_228' title='bbox 1053 2642 1175 2729; x_wconf 85' lang='lat' dir='ltr'><strong>longis</strong></span> 
     </span>
     <span class='ocr_line' id='line_1_29' title="bbox 155 2728 1176 2811; baseline 0.004 -19"><span class='ocrx_word' id='word_1_229' title='bbox 155 2728 235 2792; x_wconf 88' lang='lat' dir='ltr'><strong>sime</strong></span> <span class='ocrx_word' id='word_1_230' title='bbox 253 2732 419 2793; x_wconf 91' lang='lat' dir='ltr'><strong>remotam</strong></span> <span class='ocrx_word' id='word_1_231' title='bbox 457 2749 649 2811; x_wconf 87' lang='lat' dir='ltr'><strong>praeconem</strong></span> <span class='ocrx_word' id='word_1_232' title='bbox 666 2752 743 2795; x_wconf 90' lang='lat' dir='ltr'><strong>uero</strong></span> <span class='ocrx_word' id='word_1_233' title='bbox 767 2734 896 2795; x_wconf 88' lang='lat' dir='ltr'><strong>tuarum</strong></span> <span class='ocrx_word' id='word_1_234' title='bbox 918 2730 1050 2795; x_wconf 91' lang='lat' dir='ltr'><strong>laudum</strong></span> <span class='ocrx_word' id='word_1_235' title='bbox 1073 2731 1176 2796; x_wconf 90' lang='lat' dir='ltr'><strong>omni·</strong></span> 
     </span>
     <span class='ocr_line' id='line_1_30' title="bbox 155 2815 1176 2905; baseline 0.006 -25"><span class='ocrx_word' id='word_1_236' title='bbox 155 2817 217 2881; x_wconf 90' lang='lat' dir='ltr'><strong>bus</strong></span> <span class='ocrx_word' id='word_1_237' title='bbox 235 2817 324 2881; x_wconf 89' lang='lat' dir='ltr'><strong>horis</strong></span> <span class='ocrx_word' id='word_1_238' title='bbox 343 2815 490 2881; x_wconf 90' lang='lat' dir='ltr'><strong>audimus</strong></span> <span class='ocrx_word' id='word_1_239' title='bbox 512 2839 585 2882; x_wconf 90' lang='lat' dir='ltr'><strong>eum</strong></span> <span class='ocrx_word' id='word_1_240' title='bbox 591 2818 677 2903; x_wconf 90' lang='lat' dir='ltr'><strong>‚qui</strong></span> <span class='ocrx_word' id='word_1_241' title='bbox 703 2841 828 2883; x_wconf 90' lang='lat' dir='ltr'><strong>summa</strong></span> <span class='ocrx_word' id='word_1_242' title='bbox 849 2819 919 2902; x_wconf 89' lang='lat' dir='ltr'><strong>ipse</strong></span> <span class='ocrx_word' id='word_1_243' title='bbox 940 2818 1033 2883; x_wconf 91' lang='lat' dir='ltr'><strong>laude</strong></span> <span class='ocrx_word' id='word_1_244' title='bbox 1056 2818 1176 2905; x_wconf 82' lang='lat' dir='ltr'><strong>dignus</strong></span> 
     </span>
     <span class='ocr_line' id='line_1_31' title="bbox 114 2869 1174 2991; baseline 0.006 -24"><span class='ocrx_word' id='word_1_245' title='bbox 114 2928 142 2968; x_wconf 81' lang='lat' dir='ltr'><strong>eo</strong></span> <span class='ocrx_word' id='word_1_246' title='bbox 156 2909 205 2970; x_wconf 90' lang='lat' dir='ltr'><strong>est</strong></span> <span class='ocrx_word' id='word_1_247' title='bbox 191 2904 417 2991; x_wconf 73' lang='lat' dir='ltr'><strong>Ftedericum</strong></span> <span class='ocrx_word' id='word_1_248' title='bbox 430 2869 636 2990; x_wconf 89' lang='lat' dir='ltr'><strong>Baduarium,</strong></span> <span class='ocrx_word' id='word_1_249' title='bbox 654 2911 818 2972; x_wconf 87' lang='lat' dir='ltr'><strong>auctorem</strong></span> <span class='ocrx_word' id='word_1_250' title='bbox 837 2910 870 2971; x_wconf 89' lang='grc'><strong>11</strong></span> <span class='ocrx_word' id='word_1_251' title='bbox 889 2907 997 2972; x_wconf 90' lang='lat' dir='ltr'><strong>condit</strong></span> <span class='ocrx_word' id='word_1_252' title='bbox 983 2911 1088 2971; x_wconf 91' lang='lat' dir='ltr'><strong>torem</strong></span> <span class='ocrx_word' id='word_1_253' title='bbox 1101 2908 1174 2973; x_wconf 91' lang='lat' dir='ltr'><strong>Deo</strong></span> 
     </span>
     <span class='ocr_line' id='line_1_32' title="bbox 155 2992 1176 3079; baseline 0.002 -21"><span class='ocrx_word' id='word_1_254' title='bbox 155 2994 234 3059; x_wconf 93' lang='lat' dir='ltr'><strong>duce</strong></span> <span class='ocrx_word' id='word_1_255' title='bbox 256 2992 448 3059; x_wconf 83' lang='lat' dir='ltr'><strong>Academiae</strong></span> <span class='ocrx_word' id='word_1_256' title='bbox 470 2999 545 3059; x_wconf 90' lang='lat' dir='ltr'><strong>nost</strong></span> <span class='ocrx_word' id='word_1_257' title='bbox 546 3018 608 3060; x_wconf 89' lang='lat' dir='ltr'><strong>rae.</strong></span> <span class='ocrx_word' id='word_1_258' title='bbox 654 2996 706 3061; x_wconf 94' lang='grc' dir='ltr'>1ιι1</span> <span class='ocrx_word' id='word_1_259' title='bbox 735 2995 864 3079; x_wconf 91' lang='lat' dir='ltr'><strong>quidem</strong></span> <span class='ocrx_word' id='word_1_260' title='bbox 892 2995 963 3060; x_wconf 89' lang='lat' dir='ltr'><strong>uiro</strong></span> <span class='ocrx_word' id='word_1_261' title='bbox 991 3000 1061 3060; x_wconf 90' lang='lat' dir='ltr'><strong>tum</strong></span> <span class='ocrx_word' id='word_1_262' title='bbox 1084 2996 1176 3061; x_wconf 89' lang='lat' dir='ltr'><strong>uitae</strong></span> 
     </span>
     <span class='ocr_line' id='line_1_33' title="bbox 152 3082 1211 3168; baseline 0.001 -20"><span class='ocrx_word' id='word_1_263' title='bbox 152 3082 316 3168; x_wconf 84' lang='lat' dir='ltr'><strong>probitas,</strong></span> <span class='ocrx_word' id='word_1_264' title='bbox 344 3086 416 3147; x_wconf 88' lang='lat' dir='ltr'><strong>tum</strong></span> <span class='ocrx_word' id='word_1_265' title='bbox 439 3106 479 3148; x_wconf 96' lang='lat' dir='ltr'><strong>ex</strong></span> <span class='ocrx_word' id='word_1_266' title='bbox 507 3084 635 3148; x_wconf 92' lang='lat' dir='ltr'><strong>assiduo</strong></span> <span class='ocrx_word' id='word_1_267' title='bbox 663 3084 770 3148; x_wconf 87' lang='lat' dir='ltr'><strong>studio</strong></span> <span class='ocrx_word' id='word_1_268' title='bbox 799 3083 900 3149; x_wconf 87' lang='lat' dir='ltr'><strong>doct</strong></span> <span class='ocrx_word' id='word_1_269' title='bbox 859 3088 945 3148; x_wconf 91' lang='lat' dir='ltr'><strong>trma</strong></span> <span class='ocrx_word' id='word_1_270' title='bbox 973 3088 1074 3149; x_wconf 90' lang='lat' dir='ltr'><strong>etex</strong></span> <span class='ocrx_word' id='word_1_271' title='bbox 1106 3085 1211 3149; x_wconf 62' lang='grc'>(111-1</span> 
     </span>
     <span class='ocr_line' id='line_1_34' title="bbox 153 3172 1173 3270; baseline 0.004 -36"><span class='ocrx_word' id='word_1_272' title='bbox 153 3175 250 3270; x_wconf 81' lang='lat' dir='ltr'><strong>turno</strong></span> <span class='ocrx_word' id='word_1_273' title='bbox 273 3192 380 3235; x_wconf 90' lang='lat' dir='ltr'><strong>rerum</strong></span> <span class='ocrx_word' id='word_1_274' title='bbox 408 3193 467 3237; x_wconf 89' lang='lat' dir='ltr'><strong>usu</strong></span> <span class='ocrx_word' id='word_1_275' title='bbox 494 3172 644 3256; x_wconf 88' lang='lat' dir='ltr'><strong>prudent</strong></span> <span class='ocrx_word' id='word_1_276' title='bbox 635 3195 666 3236; x_wconf 85' lang='lat' dir='ltr'><strong>ra</strong></span> <span class='ocrx_word' id='word_1_277' title='bbox 620 3172 854 3237; x_wconf 93' lang='lat' dir='ltr'><strong>ttfidem</strong></span> <span class='ocrx_word' id='word_1_278' title='bbox 821 3177 919 3256; x_wconf 93' lang='lat' dir='ltr'><strong>atque</strong></span> <span class='ocrx_word' id='word_1_279' title='bbox 946 3172 1173 3238; x_wconf 86' lang='lat' dir='ltr'><strong>auctoritatem</strong></span> 
     </span>
     <span class='ocr_line' id='line_1_35' title="bbox 153 3257 1173 3346; baseline 0.006 -25"><span class='ocrx_word' id='word_1_280' title='bbox 153 3257 188 3321; x_wconf 91' lang='lat' dir='ltr'><strong>in</strong></span> <span class='ocrx_word' id='word_1_281' title='bbox 221 3259 308 3322; x_wconf 92' lang='lat' dir='ltr'><strong>omni</strong></span> <span class='ocrx_word' id='word_1_282' title='bbox 341 3281 486 3324; x_wconf 90' lang='lat' dir='ltr'><strong>sermone</strong></span> <span class='ocrx_word' id='word_1_283' title='bbox 519 3260 676 3325; x_wconf 87' lang='lat' dir='ltr'><strong>conciliat.</strong></span> <span class='ocrx_word' id='word_1_284' title='bbox 726 3261 800 3345; x_wconf 90' lang='lat' dir='ltr'><strong>ipso</strong></span> <span class='ocrx_word' id='word_1_285' title='bbox 836 3261 939 3346; x_wconf 82' lang='lat' dir='ltr'><strong>igitur</strong></span> <span class='ocrx_word' id='word_1_286' title='bbox 970 3283 1037 3325; x_wconf 92' lang='lat' dir='ltr'><strong>non</strong></span> <span class='ocrx_word' id='word_1_287' title='bbox 1073 3263 1173 3327; x_wconf 92' lang='lat' dir='ltr'><strong>modo</strong></span> 
     </span>
     <span class='ocr_line' id='line_1_36' title="bbox 114 3345 1176 3434; baseline 0.005 -25"><span class='ocrx_word' id='word_1_288' title='bbox 114 3368 142 3409; x_wconf 80' lang='lat' dir='ltr'><strong>ss</strong></span> <span class='ocrx_word' id='word_1_289' title='bbox 157 3345 370 3434; x_wconf 90' lang='lat' dir='ltr'><strong>approbante</strong></span> <span class='ocrx_word' id='word_1_290' title='bbox 393 3369 506 3413; x_wconf 91' lang='lat' dir='ltr'><strong>uerum</strong></span> <span class='ocrx_word' id='word_1_291' title='bbox 530 3371 546 3412; x_wconf 97' lang='lat' dir='ltr'><strong>e</strong></span> <span class='ocrx_word' id='word_1_292' title='bbox 548 3353 627 3413; x_wconf 90' lang='grc'>11111</span> <span class='ocrx_word' id='word_1_293' title='bbox 650 3349 800 3414; x_wconf 88' lang='lat' dir='ltr'><strong>hortante</strong></span> <span class='ocrx_word' id='word_1_294' title='bbox 824 3350 1025 3433; x_wconf 87' lang='lat' dir='ltr'><strong>praeclarum</strong></span> <span class='ocrx_word' id='word_1_295' title='bbox 1045 3349 1082 3414; x_wconf 91' lang='lat' dir='ltr'><strong>de</strong></span> <span class='ocrx_word' id='word_1_296' title='bbox 1102 3350 1176 3416; x_wconf 90' lang='lat' dir='ltr'><strong>Deo</strong></span> 
     </span>
    </p>
   </div>
   <div class='ocr_carea' id='block_1_3' title="bbox 243 3538 962 3598">
    <p class='ocr_par' dir='ltr' id='par_1_3' title="bbox 243 3538 962 3598">
     <span class='ocr_line' id='line_1_37' title="bbox 243 3538 962 3598; baseline 0.006 -4"><span class='ocrx_word' id='word_1_297' title='bbox 243 3545 258 3594; x_wconf 88' lang='grc'><strong>3</strong></span> <span class='ocrx_word' id='word_1_298' title='bbox 279 3538 326 3593; x_wconf 85' lang='lat' dir='ltr'><strong>‘ab</strong></span> <span class='ocrx_word' id='word_1_299' title='bbox 346 3539 495 3596; x_wconf 85' lang='lat' dir='ltr'><strong>excellenti</strong></span> <span class='ocrx_word' id='word_1_300' title='bbox 513 3539 587 3596; x_wconf 90' lang='lat' dir='ltr'><strong>uiro’</strong></span> <span class='ocrx_word' id='word_1_301' title='bbox 608 3541 702 3595; x_wconf 85' lang='lat' dir='ltr'><strong>Marco</strong></span> <span class='ocrx_word' id='word_1_302' title='bbox 721 3540 846 3597; x_wconf 78' lang='lat' dir='ltr'><strong>Antonio</strong></span> <span class='ocrx_word' id='word_1_303' title='bbox 865 3540 954 3596; x_wconf 85' lang='lat' dir='ltr'><strong>Natta</strong></span> <span class='ocrx_word' id='word_1_304' title='bbox 937 3558 962 3598; x_wconf 91' lang='lat' dir='ltr'><strong>a.</strong></span> 
     </span>
    </p>
   </div>
   <div class='ocr_carea' id='block_1_4' title="bbox 0 0 1220 3922">
    <p class='ocr_par' dir='ltr' id='par_1_4' title="bbox 0 0 1220 3922">
     <span class='ocr_line' id='line_1_38' title="bbox 0 0 1220 3922; baseline 0 0"><span class='ocrx_word' id='word_1_305' title='bbox 0 0 1220 3922; x_wconf 95' lang='lat' dir='ltr'><strong> </strong></span> 
     </span>
    </p>
   </div>
  </div>
 </body>
</html>
