2400 3922
533 196 730 260 ..6.-

122 378 211 439 quam
235 361 385 438 rogareris
409 360 622 420 consummasti
645 359 825 419 amicissimo
845 359 965 420 adfectu
984 367 1054 420 rota
1075 377 1136 421 mea

123 445 197 529 (et)
217 448 295 527 quod
315 450 441 526 contigit
462 448 536 508 mihi
559 448 659 508 favore
680 447 855 526 plenissimo
873 456 927 508 tuo
945 450 1137 509 maturiorem

123 539 279 616 percipere
295 537 387 599 studii
405 537 494 598 huius
508 537 567 596 mei
581 536 711 596 iructum
727 554 761 596 ao
777 535 970 615 voluptatem.
1002 536 1137 616 ignosces

124 633 237 707 autem,
266 628 291 687 si
319 644 430 705 paucae
453 627 532 685 visae
560 624 614 685 tibi
642 624 755 685 inerint
778 627 1004 704 conpositiones
1027 633 1059 686 et
1080 643 1137 686 nou

88 725 104 775 o
124 715 161 775 ad
180 716 278 775 omnia
297 716 366 775 vitia
388 716 529 794 scriptae:
554 730 657 774 sumus
676 715 764 794 enim,
787 720 822 774 ut
846 715 915 794 scis,
938 732 1067 793 peregre
1086 732 1137 774 nec

125 807 261 882 sequitur
274 821 329 863 nos
343 804 402 863 nisi
416 803 604 863 necessarius
619 801 776 863 admodum
796 820 941 862 numerus
961 801 1137 864 libellorum.

123 891 230 952 Postea
262 899 374 970 tamen,
407 892 432 950 si
460 898 490 950 et
519 889 575 951 tibi
603 890 760 971 videbitur,
795 890 831 950 ad
859 890 977 970 singula
1006 909 1137 971 quaeque

123 982 193 1039 vitia
211 979 313 1056 plures
332 980 554 1056 conpositiones
573 978 755 1057 colligemus.
788 978 915 1058 Oportet
929 981 1010 1040 enim
1026 980 1138 1058 copiam

123 1084 242 1144 quoque
266 1084 368 1127 earum
392 1066 532 1127 selectam
555 1066 674 1150 habere,
698 1069 838 1146 quoniam
866 1086 972 1128 revera
996 1069 1137 1148 quaedam

70 1166 104 1215 10
124 1153 302 1232 quibusdam
321 1157 414 1233 magis
429 1162 460 1215 et
473 1173 533 1216 non
547 1174 651 1216 omnes
666 1155 804 1217 omnibus
819 1159 1004 1218 conveniunt
1017 1164 1138 1237 propter

122 1242 319 1304 differentiam
348 1243 462 1304 scilicet
488 1262 656 1324 corporum.
698 1245 831 1316 Quarum
859 1247 979 1307 initium
1004 1264 1021 1306 a
1045 1247 1138 1324 capite

122 1331 279 1412 faciemus,
308 1351 458 1394 summum
484 1335 564 1393 enim
591 1341 621 1393 et
648 1335 777 1412 primum
805 1332 904 1394 locum
933 1334 992 1394 hoc
1017 1334 1137 1412 obtinet,

122 1420 227 1482 dantes
242 1439 372 1503 operam,
388 1430 423 1482 ut
437 1421 582 1501 simplicia
600 1423 694 1500 prima
714 1440 872 1501 ponamus:
892 1422 1047 1484 interdum
1063 1425 1137 1483 enim

122 1509 196 1570 haec
219 1510 386 1571 efficaciora
409 1519 479 1571 sunt
503 1529 591 1590 quam
614 1528 650 1570 ex
673 1510 811 1591 pluribus
832 1513 988 1590 conposita
1012 1511 1136 1572 medica·

71 1607 104 1657 15
123 1606 231 1661 menta.
263 1597 329 1660 Erit
344 1607 443 1660 autem
460 1608 529 1661 nota
543 1599 658 1660 denarii
675 1617 730 1678 pro
746 1598 857 1660 Graeca
871 1599 1028 1660 drachma:
1047 1608 1137 1678 aeque

124 1689 203 1747 enim
235 1689 267 1748 in
299 1687 405 1748 libram
438 1687 463 1749 ii
496 1689 645 1767 octoginta
679 1696 818 1767 quattuor
851 1687 930 1766 apud
963 1705 1034 1768 nos,
1067 1696 1137 1768 quot

123 1773 280 1836 drachmae
304 1776 381 1853 apud
401 1775 529 1837 Graecos
552 1779 719 1837 incurrunt.
760 1775 894 1837 Primum
915 1794 987 1854 ergo
1007 1776 1045 1836 ad
1065 1794 1137 1855 quae

122 1863 193 1922 vitia
217 1865 438 1940 conpositiones
462 1866 625 1942 exquisitae
645 1872 675 1925 et
696 1872 780 1944 aptae
805 1867 877 1945 sint,
902 1864 1087 1926 subiecimus
1109 1872 1137 1925 et

121 1953 256 2011 numeris
274 1953 450 2032 notavimus,
470 1970 529 2030 quo
549 1952 666 2013 facilius
681 1953 762 2032 quod
776 1961 937 2033 quaeretur
953 1951 1137 2033 inveniatnr3

69 2047 104 2099 20
123 2038 230 2100 deinde
262 2040 561 2122 medicamentorum,
594 2040 703 2120 quibus
736 2043 958 2120 conpositiones
991 2050 1137 2120 constant,

122 2130 242 2190 nomina
266 2136 296 2190 et
318 2129 449 2210 pondera
473 2131 553 2190 vitiis
577 2129 793 2192 subiunximus.

194 2322 260 2374 tat
278 2320 353 2389 quod
373 2321 421 2374 M:
446 2321 520 2388 quod
538 2320 567 2374 R
590 2335 646 2388 quo
666 2319 754 2374 ntae
831 2317 986 2386 dignosce
1010 2321 1137 2375 litteras

122 2404 202 2443 erosa
220 2389 256 2443 L.
319 2392 460 2474 ttamen]
481 2392 576 2445 autem
592 2391 751 2446 Oorooriaos.
813 2387 918 2444 8riiia
936 2406 986 2445 ont
1004 2391 1050 2448 M
1106 2395 1137 2444 11

119 2463 183 2524 post
206 2475 355 2528 corporum
378 2463 497 2516 inseruit
516 2460 669 2515 Carnarius
687 2462 717 2514 ei
739 2459 929 2516 affectionum.
1003 2465 1038 2515 12
1058 2460 1137 2543 quasi

122 2527 186 2580 add.
206 2527 246 2580 M
264 2535 328 2582 ante
351 2530 481 2611 primum.
560 2534 592 2582 13
616 2529 757 2597 simplicia
779 2531 904 2586 remedie
929 2532 973 2588 M.
1047 2530 1139 2602 prima

121 2596 718 2752 iiiiapmididiiiiiiiiuiiia
735 2608 816 2726 31⁵
836 2602 1021 2728 inimisit
1029 2602 1138 2728 dii?

121 2738 194 2793 narir
186 2738 244 2793 ’.Β
309 2745 342 2795 17
356 2741 438 2796 verba
451 2739 574 2810 primum
590 2758 656 2810 ergo
670 2758 754 2812 usque
768 2743 805 2797 od
819 2742 1014 2800 subiunximus
1028 2760 1080 2800 om.
1091 2745 1134 2800 M
