<?xml version="1.0" encoding="UTF-8"?>
<!DOCTYPE html PUBLIC "-//W3C//DTD XHTML 1.0 Transitional//EN"
    "http://www.w3.org/TR/xhtml1/DTD/xhtml1-transitional.dtd">
<html xmlns="http://www.w3.org/1999/xhtml" xml:lang="en" lang="en">
 <head>
  <title>
</title>
<meta http-equiv="Content-Type" content="text/html;charset=utf-8" />
  <meta name='ocr-system' content='tesseract 3.04.00' />
  <meta name='ocr-capabilities' content='ocr_page ocr_carea ocr_par ocr_line ocrx_word'/>
</head>
<body>
  <div class='ocr_page' id='page_1' title='image "./paulimanutiiepi00fickgoog_0174.png"; bbox 0 0 2400 3922; ppageno 0'>
   <div class='ocr_carea' id='block_1_1' title="bbox 351 171 1094 240">
    <p class='ocr_par' dir='ltr' id='par_1_1' title="bbox 351 171 1094 240">
     <span class='ocr_line' id='line_1_1' title="bbox 351 171 1094 240; baseline 0.017 -14"><span class='ocrx_word' id='word_1_1' title='bbox 351 171 487 228; x_wconf 84' lang='lat' dir='ltr'>LXXXV.</span> <span class='ocrx_word' id='word_1_2' title='bbox 510 171 549 227; x_wconf 92' lang='lat' dir='ltr'><strong>Io.</strong></span> <span class='ocrx_word' id='word_1_3' title='bbox 569 171 648 227; x_wconf 82' lang='lat' dir='ltr'><strong>Sario</strong></span> <span class='ocrx_word' id='word_1_4' title='bbox 668 172 823 230; x_wconf 85' lang='lat' dir='ltr'><strong>Zamoscio.</strong></span> <span class='ocrx_word' id='word_1_5' title='bbox 1030 176 1094 240; x_wconf 73' lang='lat'><strong>167</strong></span> 
     </span>
    </p>
   </div>
   <div class='ocr_carea' id='block_1_2' title="bbox 26 332 1091 683">
    <p class='ocr_par' dir='ltr' id='par_1_2' title="bbox 26 332 1091 683">
     <span class='ocr_line' id='line_1_2' title="bbox 81 332 1091 422; baseline 0.006 -25"><span class='ocrx_word' id='word_1_6' title='bbox 81 334 165 398; x_wconf 87' lang='grc'><strong>1110</strong></span> <span class='ocrx_word' id='word_1_7' title='bbox 183 333 291 418; x_wconf 91' lang='lat' dir='ltr'><strong>mitto,</strong></span> <span class='ocrx_word' id='word_1_8' title='bbox 310 332 405 397; x_wconf 90' lang='lat' dir='ltr'><strong>ualde</strong></span> <span class='ocrx_word' id='word_1_9' title='bbox 422 335 573 417; x_wconf 90' lang='lat' dir='ltr'><strong>probant.</strong></span> <span class='ocrx_word' id='word_1_10' title='bbox 612 332 822 418; x_wconf 76' lang='lat' dir='ltr'><strong>Cardinalem,</strong></span> <span class='ocrx_word' id='word_1_11' title='bbox 840 335 974 402; x_wconf 83' lang='lat' dir='ltr'><strong>fratrem</strong></span> <span class='ocrx_word' id='word_1_12' title='bbox 987 341 1091 422; x_wconf 88' lang='lat' dir='ltr'><strong>tuum,</strong></span> 
     </span>
     <span class='ocr_line' id='line_1_3' title="bbox 81 421 1091 508; baseline 0.006 -22"><span class='ocrx_word' id='word_1_13' title='bbox 81 422 194 486; x_wconf 89' lang='lat' dir='ltr'><strong>ueteris</strong></span> <span class='ocrx_word' id='word_1_14' title='bbox 218 422 406 505; x_wconf 87' lang='lat' dir='ltr'><strong>exemplum</strong></span> <span class='ocrx_word' id='word_1_15' title='bbox 433 421 649 508; x_wconf 75' lang='lat' dir='ltr'><strong>innocentiae,</strong></span> <span class='ocrx_word' id='word_1_16' title='bbox 677 424 824 488; x_wconf 82' lang='lat' dir='ltr'><strong>columen</strong></span> <span class='ocrx_word' id='word_1_17' title='bbox 852 429 981 490; x_wconf 89' lang='lat' dir='ltr'><strong>sanctae</strong></span> <span class='ocrx_word' id='word_1_18' title='bbox 1005 426 1091 492; x_wconf 90' lang='lat' dir='ltr'><strong>sedis</strong></span> 
     </span>
     <span class='ocr_line' id='line_1_4' title="bbox 26 509 1090 611; baseline 0.005 -36"><span class='ocrx_word' id='word_1_19' title='bbox 26 534 34 553; x_wconf 86' lang='lat'><em>·</em></span> <span class='ocrx_word' id='word_1_20' title='bbox 83 509 296 611; x_wconf 83' lang='lat' dir='ltr'><strong>Apostolicae,</strong></span> <span class='ocrx_word' id='word_1_21' title='bbox 327 510 460 575; x_wconf 88' lang='lat' dir='ltr'><strong>salutari</strong></span> <span class='ocrx_word' id='word_1_22' title='bbox 491 533 510 574; x_wconf 88' lang='lat' dir='ltr'><strong>a</strong></span> <span class='ocrx_word' id='word_1_23' title='bbox 537 516 569 575; x_wconf 92' lang='lat' dir='ltr'><strong>te</strong></span> <span class='ocrx_word' id='word_1_24' title='bbox 597 511 678 576; x_wconf 91' lang='lat' dir='ltr'><strong>meis</strong></span> <span class='ocrx_word' id='word_1_25' title='bbox 706 512 829 598; x_wconf 88' lang='lat' dir='ltr'><strong>uerbis,</strong></span> <span class='ocrx_word' id='word_1_26' title='bbox 856 514 961 598; x_wconf 83' lang='lat' dir='ltr'><strong>magis</strong></span> <span class='ocrx_word' id='word_1_27' title='bbox 992 537 1090 598; x_wconf 89' lang='lat' dir='ltr'><strong>opere</strong></span> 
     </span>
     <span class='ocr_line' id='line_1_5' title="bbox 83 621 180 683; baseline 0 -20"><span class='ocrx_word' id='word_1_28' title='bbox 83 621 180 683; x_wconf 87' lang='lat' dir='ltr'><strong>cup1o.</strong></span> 
     </span>
    </p>
   </div>
   <div class='ocr_carea' id='block_1_3' title="bbox 161 686 1136 776">
    <p class='ocr_par' dir='ltr' id='par_1_3' title="bbox 161 686 1136 776">
     <span class='ocr_line' id='line_1_6' title="bbox 161 686 1136 776; baseline 0 -24"><span class='ocrx_word' id='word_1_29' title='bbox 161 687 275 752; x_wconf 81' lang='lat' dir='ltr'><strong>Valde.</strong></span> <span class='ocrx_word' id='word_1_30' title='bbox 302 688 425 752; x_wconf 88' lang='lat' dir='ltr'><strong>Romae</strong></span> <span class='ocrx_word' id='word_1_31' title='bbox 448 686 518 752; x_wconf 85' lang='grc' dir='ltr'><strong>ΧΠ.</strong></span> <span class='ocrx_word' id='word_1_32' title='bbox 540 688 729 776; x_wconf 71' lang='grc'><strong>11111111.</strong></span> <span class='ocrx_word' id='word_1_33' title='bbox 752 687 964 755; x_wconf 83' lang='lat' dir='ltr'>MDLXXIH.</span> <span class='ocrx_word' id='word_1_34' title='bbox 1087 715 1136 774; x_wconf 77' lang='grc' dir='ltr'><strong>Ι1</strong></span> 
     </span>
    </p>
   </div>
   <div class='ocr_carea' id='block_1_4' title="bbox 294 1376 869 1458">
    <p class='ocr_par' dir='ltr' id='par_1_4' title="bbox 294 1376 869 1458">
     <span class='ocr_line' id='line_1_7' title="bbox 294 1376 869 1458; baseline 0.003 -16"><span class='ocrx_word' id='word_1_35' title='bbox 294 1376 346 1442; x_wconf 90' lang='grc'><strong>10.</strong></span> <span class='ocrx_word' id='word_1_36' title='bbox 370 1377 478 1443; x_wconf 81' lang='lat' dir='ltr'><strong>Serio</strong></span> <span class='ocrx_word' id='word_1_37' title='bbox 502 1379 697 1444; x_wconf 90' lang='lat' dir='ltr'><strong>Zamoscio</strong></span> <span class='ocrx_word' id='word_1_38' title='bbox 722 1388 798 1458; x_wconf 90' lang='lat' dir='ltr'>(XII,</span> <span class='ocrx_word' id='word_1_39' title='bbox 816 1389 869 1456; x_wconf 88' lang='lat'>11).</span> 
     </span>
    </p>
   </div>
   <div class='ocr_carea' id='block_1_5' title="bbox 26 1534 1134 2950">
    <p class='ocr_par' dir='ltr' id='par_1_5' title="bbox 26 1534 1134 2950">
     <span class='ocr_line' id='line_1_8' title="bbox 26 1534 1091 1602; baseline 0.003 -3"><span class='ocrx_word' id='word_1_40' title='bbox 26 1534 28 1538; x_wconf 73' lang='grc'><strong>’</strong></span> <span class='ocrx_word' id='word_1_41' title='bbox 160 1535 342 1601; x_wconf 87' lang='lat' dir='ltr'><strong>Multorum</strong></span> <span class='ocrx_word' id='word_1_42' title='bbox 373 1537 533 1602; x_wconf 89' lang='lat' dir='ltr'><strong>mensium</strong></span> <span class='ocrx_word' id='word_1_43' title='bbox 564 1539 698 1602; x_wconf 88' lang='lat' dir='ltr'><strong>aduersa</strong></span> <span class='ocrx_word' id='word_1_44' title='bbox 734 1537 920 1601; x_wconf 88' lang='lat' dir='ltr'><strong>ualetudine</strong></span> <span class='ocrx_word' id='word_1_45' title='bbox 952 1542 1091 1602; x_wconf 87' lang='lat' dir='ltr'><strong>uexatus</strong></span> 
     </span>
     <span class='ocr_line' id='line_1_9' title="bbox 75 1624 1090 1712; baseline 0.001 -25"><span class='ocrx_word' id='word_1_46' title='bbox 75 1624 161 1688; x_wconf 90' lang='lat' dir='ltr'><strong>omni</strong></span> <span class='ocrx_word' id='word_1_47' title='bbox 186 1647 321 1708; x_wconf 89' lang='lat' dir='ltr'><strong>prorsus</strong></span> <span class='ocrx_word' id='word_1_48' title='bbox 344 1626 494 1691; x_wconf 81' lang='lat' dir='ltr'><strong>carebam</strong></span> <span class='ocrx_word' id='word_1_49' title='bbox 521 1627 651 1712; x_wconf 82' lang='lat' dir='ltr'><strong>legendi</strong></span> <span class='ocrx_word' id='word_1_50' title='bbox 676 1625 902 1708; x_wconf 89' lang='lat' dir='ltr'><strong>scribendique</strong></span> <span class='ocrx_word' id='word_1_51' title='bbox 926 1624 1090 1688; x_wconf 77' lang='lat' dir='ltr'><strong>facultate.</strong></span> 
     </span>
     <span class='ocr_line' id='line_1_10' title="bbox 73 1713 1131 1798; baseline -0.001 -21"><span class='ocrx_word' id='word_1_52' title='bbox 73 1713 158 1797; x_wconf 90' lang='lat' dir='ltr'><strong>quod</strong></span> <span class='ocrx_word' id='word_1_53' title='bbox 182 1734 220 1777; x_wconf 89' lang='lat' dir='ltr'><strong>eo</strong></span> <span class='ocrx_word' id='word_1_54' title='bbox 245 1713 326 1777; x_wconf 89' lang='lat' dir='ltr'><strong>mihi</strong></span> <span class='ocrx_word' id='word_1_55' title='bbox 344 1714 378 1778; x_wconf 92' lang='lat' dir='ltr'><strong>in</strong></span> <span class='ocrx_word' id='word_1_56' title='bbox 397 1713 512 1798; x_wconf 91' lang='lat' dir='ltr'><strong>primis</strong></span> <span class='ocrx_word' id='word_1_57' title='bbox 530 1715 660 1780; x_wconf 90' lang='lat' dir='ltr'><strong>nomine</strong></span> <span class='ocrx_word' id='word_1_58' title='bbox 679 1714 913 1798; x_wconf 85' lang='lat' dir='ltr'><strong>permolestum</strong></span> <span class='ocrx_word' id='word_1_59' title='bbox 932 1717 990 1796; x_wconf 88' lang='lat' dir='ltr'><strong>est,</strong></span> <span class='ocrx_word' id='word_1_60' title='bbox 1014 1713 1131 1797; x_wconf 81' lang='lat' dir='ltr'><strong>quiam</strong></span> 
     </span>
     <span class='ocr_line' id='line_1_11' title="bbox 70 1800 1092 1886; baseline 0 -21"><span class='ocrx_word' id='word_1_61' title='bbox 70 1801 184 1865; x_wconf 87' lang='lat' dir='ltr'><strong>multis</strong></span> <span class='ocrx_word' id='word_1_62' title='bbox 207 1801 249 1865; x_wconf 90' lang='lat' dir='ltr'><strong>ad</strong></span> <span class='ocrx_word' id='word_1_63' title='bbox 271 1824 323 1866; x_wconf 89' lang='lat' dir='ltr'><strong>me</strong></span> <span class='ocrx_word' id='word_1_64' title='bbox 347 1803 565 1868; x_wconf 82' lang='lat' dir='ltr'><strong>scribentibus</strong></span> <span class='ocrx_word' id='word_1_65' title='bbox 584 1802 779 1886; x_wconf 89' lang='lat' dir='ltr'><strong>respondere</strong></span> <span class='ocrx_word' id='word_1_66' title='bbox 803 1801 872 1866; x_wconf 87' lang='lat' dir='ltr'><strong>sine</strong></span> <span class='ocrx_word' id='word_1_67' title='bbox 896 1800 1092 1865; x_wconf 89' lang='lat' dir='ltr'><strong>ualetudinis</strong></span> 
     </span>
     <span class='ocr_line' id='line_1_12' title="bbox 70 1888 1093 1975; baseline 0 -21"><span class='ocrx_word' id='word_1_68' title='bbox 70 1888 277 1955; x_wconf 91' lang='lat' dir='ltr'><strong>incommodo</strong></span> <span class='ocrx_word' id='word_1_69' title='bbox 306 1891 363 1955; x_wconf 86' lang='lat' dir='ltr'><strong>uix</strong></span> <span class='ocrx_word' id='word_1_70' title='bbox 394 1913 535 1975; x_wconf 88' lang='lat' dir='ltr'><strong>possum.</strong></span> <span class='ocrx_word' id='word_1_71' title='bbox 587 1914 663 1955; x_wconf 92' lang='lat' dir='ltr'><strong>nam</strong></span> <span class='ocrx_word' id='word_1_72' title='bbox 700 1891 761 1955; x_wconf 87' lang='lat' dir='ltr'><strong>etsi</strong></span> <span class='ocrx_word' id='word_1_73' title='bbox 792 1890 927 1974; x_wconf 91' lang='lat' dir='ltr'><strong>depulsa</strong></span> <span class='ocrx_word' id='word_1_74' title='bbox 962 1895 1011 1955; x_wconf 92' lang='lat' dir='ltr'><strong>est</strong></span> <span class='ocrx_word' id='word_1_75' title='bbox 1041 1889 1093 1954; x_wconf 92' lang='lat' dir='ltr'><strong>uis</strong></span> 
     </span>
     <span class='ocr_line' id='line_1_13' title="bbox 70 1978 1094 2064; baseline 0.001 -22"><span class='ocrx_word' id='word_1_76' title='bbox 70 1979 189 2064; x_wconf 86' lang='lat' dir='ltr'><strong>morbi,</strong></span> <span class='ocrx_word' id='word_1_77' title='bbox 213 1979 367 2062; x_wconf 88' lang='lat' dir='ltr'><strong>pristinas</strong></span> <span class='ocrx_word' id='word_1_78' title='bbox 391 1984 500 2044; x_wconf 89' lang='lat' dir='ltr'><strong>tamen</strong></span> <span class='ocrx_word' id='word_1_79' title='bbox 522 1979 608 2044; x_wconf 91' lang='lat' dir='ltr'><strong>uires</strong></span> <span class='ocrx_word' id='word_1_80' title='bbox 632 1980 777 2044; x_wconf 88' lang='lat' dir='ltr'><strong>desidero</strong></span> <span class='ocrx_word' id='word_1_81' title='bbox 806 1983 838 2044; x_wconf 91' lang='grc'><strong>01</strong></span> <span class='ocrx_word' id='word_1_82' title='bbox 862 1978 978 2062; x_wconf 89' lang='lat' dir='ltr'><strong>capitis</strong></span> <span class='ocrx_word' id='word_1_83' title='bbox 1005 1979 1094 2043; x_wconf 88' lang='lat' dir='ltr'><strong>infir-</strong></span> 
     </span>
     <span class='ocr_line' id='line_1_14' title="bbox 70 2067 1093 2152; baseline 0.001 -22"><span class='ocrx_word' id='word_1_84' title='bbox 70 2067 169 2131; x_wconf 88' lang='lat' dir='ltr'><strong>mitas</strong></span> <span class='ocrx_word' id='word_1_85' title='bbox 193 2089 260 2131; x_wconf 92' lang='lat' dir='ltr'><strong>non</strong></span> <span class='ocrx_word' id='word_1_86' title='bbox 282 2068 378 2132; x_wconf 92' lang='lat' dir='ltr'><strong>modo</strong></span> <span class='ocrx_word' id='word_1_87' title='bbox 401 2068 593 2152; x_wconf 85' lang='lat' dir='ltr'><strong>litterarum,</strong></span> <span class='ocrx_word' id='word_1_88' title='bbox 617 2069 672 2132; x_wconf 91' lang='lat' dir='ltr'><strong>sed</strong></span> <span class='ocrx_word' id='word_1_89' title='bbox 691 2090 794 2152; x_wconf 86' lang='lat' dir='ltr'><strong>prope</strong></span> <span class='ocrx_word' id='word_1_90' title='bbox 818 2067 974 2132; x_wconf 87' lang='lat' dir='ltr'><strong>sermonis</strong></span> <span class='ocrx_word' id='word_1_91' title='bbox 997 2089 1093 2131; x_wconf 90' lang='lat' dir='ltr'><strong>usum</strong></span> 
     </span>
     <span class='ocr_line' id='line_1_15' title="bbox 70 2155 1132 2242; baseline -0.004 -23"><span class='ocrx_word' id='word_1_92' title='bbox 70 2156 187 2219; x_wconf 79' lang='lat' dir='ltr'><strong>adimit</strong></span> <span class='ocrx_word' id='word_1_93' title='bbox 211 2156 399 2238; x_wconf 89' lang='lat' dir='ltr'><strong>quotidiani.</strong></span> <span class='ocrx_word' id='word_1_94' title='bbox 445 2157 547 2222; x_wconf 83' lang='lat' dir='ltr'><strong>Dabis</strong></span> <span class='ocrx_word' id='word_1_95' title='bbox 570 2157 686 2242; x_wconf 83' lang='lat' dir='ltr'><strong>igitur,</strong></span> <span class='ocrx_word' id='word_1_96' title='bbox 710 2156 754 2220; x_wconf 94' lang='lat' dir='ltr'><strong>mi</strong></span> <span class='ocrx_word' id='word_1_97' title='bbox 777 2156 938 2240; x_wconf 88' lang='lat' dir='ltr'><strong>Zamosci,</strong></span> <span class='ocrx_word' id='word_1_98' title='bbox 961 2155 1091 2219; x_wconf 89' lang='lat' dir='ltr'><strong>ueniam</strong></span> <span class='ocrx_word' id='word_1_99' title='bbox 1105 2175 1132 2216; x_wconf 86' lang='lat'><strong>15</strong></span> 
     </span>
     <span class='ocr_line' id='line_1_16' title="bbox 69 2242 1093 2331; baseline -0.004 -22"><span class='ocrx_word' id='word_1_100' title='bbox 69 2243 197 2309; x_wconf 89' lang='lat' dir='ltr'><strong>bomini</strong></span> <span class='ocrx_word' id='word_1_101' title='bbox 221 2244 271 2308; x_wconf 94' lang='lat' dir='ltr'><strong>tui</strong></span> <span class='ocrx_word' id='word_1_102' title='bbox 293 2245 523 2331; x_wconf 88' lang='lat' dir='ltr'><strong>amantissimo,</strong></span> <span class='ocrx_word' id='word_1_103' title='bbox 547 2245 602 2328; x_wconf 91' lang='lat' dir='ltr'><strong>qui</strong></span> <span class='ocrx_word' id='word_1_104' title='bbox 626 2249 659 2308; x_wconf 90' lang='lat' dir='ltr'><strong>te</strong></span> <span class='ocrx_word' id='word_1_105' title='bbox 683 2266 743 2327; x_wconf 90' lang='lat' dir='ltr'><strong>pro</strong></span> <span class='ocrx_word' id='word_1_106' title='bbox 768 2243 891 2329; x_wconf 85' lang='lat' dir='ltr'><strong>ingenii</strong></span> <span class='ocrx_word' id='word_1_107' title='bbox 915 2242 1093 2306; x_wconf 89' lang='lat' dir='ltr'><strong>doctrinae·</strong></span> 
     </span>
     <span class='ocr_line' id='line_1_17' title="bbox 72 2331 1093 2416; baseline -0.003 -20"><span class='ocrx_word' id='word_1_108' title='bbox 72 2353 137 2416; x_wconf 90' lang='lat' dir='ltr'><strong>que</strong></span> <span class='ocrx_word' id='word_1_109' title='bbox 176 2333 377 2415; x_wconf 86' lang='lat' dir='ltr'><strong>praestantia</strong></span> <span class='ocrx_word' id='word_1_110' title='bbox 413 2334 547 2398; x_wconf 90' lang='lat' dir='ltr'><strong>summis</strong></span> <span class='ocrx_word' id='word_1_111' title='bbox 580 2354 693 2397; x_wconf 90' lang='lat' dir='ltr'><strong>ornare</strong></span> <span class='ocrx_word' id='word_1_112' title='bbox 727 2331 878 2395; x_wconf 85' lang='lat' dir='ltr'><strong>laudibus</strong></span> <span class='ocrx_word' id='word_1_113' title='bbox 914 2352 1093 2413; x_wconf 91' lang='lat' dir='ltr'><strong>numquam</strong></span> 
     </span>
     <span class='ocr_line' id='line_1_18' title="bbox 69 2419 1094 2508; baseline -0.001 -24"><span class='ocrx_word' id='word_1_114' title='bbox 69 2420 200 2506; x_wconf 82' lang='lat' dir='ltr'><strong>desinit,</strong></span> <span class='ocrx_word' id='word_1_115' title='bbox 220 2421 247 2484; x_wconf 91' lang='lat' dir='ltr'><strong>si</strong></span> <span class='ocrx_word' id='word_1_116' title='bbox 262 2421 302 2484; x_wconf 92' lang='lat' dir='ltr'><strong>ad</strong></span> <span class='ocrx_word' id='word_1_117' title='bbox 320 2426 409 2486; x_wconf 90' lang='lat' dir='ltr'><strong>tuam</strong></span> <span class='ocrx_word' id='word_1_118' title='bbox 429 2421 702 2508; x_wconf 84' lang='lat' dir='ltr'><strong>elegantissimam</strong></span> <span class='ocrx_word' id='word_1_119' title='bbox 721 2419 893 2503; x_wconf 88' lang='lat' dir='ltr'><strong>epistolam</strong></span> <span class='ocrx_word' id='word_1_120' title='bbox 911 2419 973 2483; x_wconf 90' lang='lat' dir='ltr'><strong>hoo</strong></span> <span class='ocrx_word' id='word_1_121' title='bbox 990 2441 1094 2483; x_wconf 90' lang='lat' dir='ltr'><strong>unum</strong></span> 
     </span>
     <span class='ocr_line' id='line_1_19' title="bbox 69 2508 1093 2595; baseline -0.001 -21"><span class='ocrx_word' id='word_1_122' title='bbox 69 2509 227 2595; x_wconf 86' lang='lat' dir='ltr'><strong>rescrib0,</strong></span> <span class='ocrx_word' id='word_1_123' title='bbox 245 2511 420 2575; x_wconf 86' lang='lat' dir='ltr'><strong>rescribere</strong></span> <span class='ocrx_word' id='word_1_124' title='bbox 439 2533 490 2575; x_wconf 94' lang='lat' dir='ltr'><strong>me</strong></span> <span class='ocrx_word' id='word_1_125' title='bbox 509 2510 572 2574; x_wconf 94' lang='lat' dir='ltr'><strong>tibi</strong></span> <span class='ocrx_word' id='word_1_126' title='bbox 591 2508 742 2594; x_wconf 90' lang='lat' dir='ltr'><strong>pluribus</strong></span> <span class='ocrx_word' id='word_1_127' title='bbox 756 2508 866 2573; x_wconf 88' lang='lat' dir='ltr'><strong>uerbis</strong></span> <span class='ocrx_word' id='word_1_128' title='bbox 885 2508 947 2572; x_wconf 90' lang='lat' dir='ltr'><strong>hoo</strong></span> <span class='ocrx_word' id='word_1_129' title='bbox 961 2508 1093 2593; x_wconf 90' lang='lat' dir='ltr'><strong>quidem</strong></span> 
     </span>
     <span class='ocr_line' id='line_1_20' title="bbox 69 2597 1134 2684; baseline -0.002 -22"><span class='ocrx_word' id='word_1_130' title='bbox 69 2601 220 2682; x_wconf 87' lang='lat' dir='ltr'><strong>tempore</strong></span> <span class='ocrx_word' id='word_1_131' title='bbox 249 2620 316 2662; x_wconf 91' lang='lat' dir='ltr'><strong>non</strong></span> <span class='ocrx_word' id='word_1_132' title='bbox 338 2599 442 2663; x_wconf 87' lang='lat' dir='ltr'><strong>licere.</strong></span> <span class='ocrx_word' id='word_1_133' title='bbox 488 2621 577 2682; x_wconf 89' lang='lat' dir='ltr'><strong>nam,</strong></span> <span class='ocrx_word' id='word_1_134' title='bbox 601 2620 674 2663; x_wconf 90' lang='lat' dir='ltr'><strong>cum</strong></span> <span class='ocrx_word' id='word_1_135' title='bbox 696 2597 823 2684; x_wconf 86' lang='lat' dir='ltr'><strong>licebit,</strong></span> <span class='ocrx_word' id='word_1_136' title='bbox 846 2598 1004 2681; x_wconf 90' lang='lat' dir='ltr'><strong>persuade</strong></span> <span class='ocrx_word' id='word_1_137' title='bbox 1027 2597 1092 2662; x_wconf 88' lang='lat' dir='ltr'><strong>tibi</strong></span> <span class='ocrx_word' id='word_1_138' title='bbox 1106 2618 1134 2658; x_wconf 84' lang='grc'><strong>11</strong></span> 
     </span>
     <span class='ocr_line' id='line_1_21' title="bbox 69 2685 1093 2774; baseline -0.002 -23"><span class='ocrx_word' id='word_1_139' title='bbox 69 2708 136 2751; x_wconf 90' lang='grc'><strong>101</strong></span> <span class='ocrx_word' id='word_1_140' title='bbox 170 2708 240 2751; x_wconf 89' lang='grc'><strong>0110</strong></span> <span class='ocrx_word' id='word_1_141' title='bbox 273 2709 323 2751; x_wconf 91' lang='lat' dir='ltr'><strong>me</strong></span> <span class='ocrx_word' id='word_1_142' title='bbox 354 2687 613 2774; x_wconf 90' lang='lat' dir='ltr'><strong>commissurum,</strong></span> <span class='ocrx_word' id='word_1_143' title='bbox 644 2691 682 2751; x_wconf 93' lang='lat' dir='ltr'><strong>ut</strong></span> <span class='ocrx_word' id='word_1_144' title='bbox 720 2687 867 2752; x_wconf 90' lang='lat' dir='ltr'><strong>debitum</strong></span> <span class='ocrx_word' id='word_1_145' title='bbox 896 2685 1093 2751; x_wconf 85' lang='lat' dir='ltr'><strong>humanitati</strong></span> 
     </span>
     <span class='ocr_line' id='line_1_22' title="bbox 70 2773 1093 2860; baseline -0.002 -22"><span class='ocrx_word' id='word_1_146' title='bbox 70 2775 299 2859; x_wconf 86' lang='lat' dir='ltr'><strong>amicitiaeque</strong></span> <span class='ocrx_word' id='word_1_147' title='bbox 321 2782 451 2841; x_wconf 89' lang='lat' dir='ltr'><strong>nostrae</strong></span> <span class='ocrx_word' id='word_1_148' title='bbox 475 2775 618 2840; x_wconf 90' lang='lat' dir='ltr'><strong>officium</strong></span> <span class='ocrx_word' id='word_1_149' title='bbox 640 2798 707 2840; x_wconf 92' lang='lat' dir='ltr'><strong>non</strong></span> <span class='ocrx_word' id='word_1_150' title='bbox 730 2776 923 2860; x_wconf 90' lang='lat' dir='ltr'><strong>persoluam.</strong></span> <span class='ocrx_word' id='word_1_151' title='bbox 960 2773 1093 2839; x_wconf 91' lang='lat' dir='ltr'><strong>interim</strong></span> 
     </span>
     <span class='ocr_line' id='line_1_23' title="bbox 69 2861 1092 2950; baseline -0.004 -23"><span class='ocrx_word' id='word_1_152' title='bbox 69 2863 150 2928; x_wconf 85' lang='lat' dir='ltr'><strong>baec</strong></span> <span class='ocrx_word' id='word_1_153' title='bbox 175 2885 292 2950; x_wconf 89' lang='lat' dir='ltr'><strong>pauca,</strong></span> <span class='ocrx_word' id='word_1_154' title='bbox 316 2868 353 2928; x_wconf 91' lang='lat' dir='ltr'><strong>ut</strong></span> <span class='ocrx_word' id='word_1_155' title='bbox 375 2865 497 2929; x_wconf 89' lang='lat' dir='ltr'><strong>recenti</strong></span> <span class='ocrx_word' id='word_1_156' title='bbox 520 2865 650 2948; x_wconf 86' lang='lat' dir='ltr'><strong>morb0,</strong></span> <span class='ocrx_word' id='word_1_157' title='bbox 672 2864 903 2929; x_wconf 89' lang='lat' dir='ltr'><strong>uacillantibus</strong></span> <span class='ocrx_word' id='word_1_158' title='bbox 926 2861 1092 2926; x_wconf 82' lang='lat' dir='ltr'><strong>litterulis</strong></span> 
     </span>
    </p>
   </div>
   <div class='ocr_carea' id='block_1_6' title="bbox 69 2951 750 3040">
    <p class='ocr_par' dir='ltr' id='par_1_6' title="bbox 69 2951 750 3040">
     <span class='ocr_line' id='line_1_24' title="bbox 69 2951 750 3040; baseline 0.001 -24"><span class='ocrx_word' id='word_1_159' title='bbox 69 2951 161 3016; x_wconf 91' lang='lat' dir='ltr'><strong>Vale.</strong></span> <span class='ocrx_word' id='word_1_160' title='bbox 191 2952 323 3040; x_wconf 89' lang='lat' dir='ltr'><strong>Romae,</strong></span> <span class='ocrx_word' id='word_1_161' title='bbox 346 2976 419 3018; x_wconf 91' lang='lat' dir='ltr'><strong>non.</strong></span> <span class='ocrx_word' id='word_1_162' title='bbox 443 2953 518 3018; x_wconf 78' lang='lat' dir='ltr'><strong>Deo,</strong></span> <span class='ocrx_word' id='word_1_163' title='bbox 541 2952 750 3018; x_wconf 85' lang='lat' dir='ltr'>MDLXXIII.</span> 
     </span>
    </p>
   </div>
   <div class='ocr_carea' id='block_1_7' title="bbox 0 0 1204 3922">
    <p class='ocr_par' dir='ltr' id='par_1_7' title="bbox 0 0 1204 3922">
     <span class='ocr_line' id='line_1_25' title="bbox 0 0 1204 3922; baseline 0 0"><span class='ocrx_word' id='word_1_164' title='bbox 0 0 1204 3922; x_wconf 95' lang='lat' dir='ltr'><strong> </strong></span> 
     </span>
    </p>
   </div>
  </div>
 </body>
</html>
