2430 3922
488 171 712 237 ..51-

92 334 196 396 sanavi
222 334 415 412 unguentarii
442 334 596 395 cuinsdam
625 352 753 396 servum.
799 335 853 396 Est
881 346 981 399 autem
1003 340 1107 400 vitium

90 416 186 496 εἰλεὸς
211 420 499 500 periculosissimum
527 431 558 483 et
584 423 651 484 ideo
674 425 754 484 inter
781 427 941 506 praecipua
968 428 1107 489 refertur.

89 510 292 582 Quamobrem
314 528 375 571 non
398 513 503 589 utique
526 530 595 572 cum
617 530 723 591 magna
746 513 854 574 fiducia
877 515 914 574 ad
937 516 993 576 hoc
1013 534 1107 594 genus

89 602 156 661 vitii
179 598 302 678 adgredi
325 598 477 660 debemus.
1067 637 1072 647 .

182 686 319 748 cxvuu.
356 687 400 748 hd
425 686 483 748 coli
504 687 688 749 inflationem
707 688 783 751 bene
802 691 873 752 lacit
891 693 1003 752 cumini
1022 691 1106 753 silva·
1125 707 1141 755 5

90 778 143 838 tici
167 794 270 838 semen
293 794 348 855 per
371 795 412 858 se,
435 784 470 836 nt
493 785 547 856 est,
571 777 681 855 datum,
706 787 849 857 quantum
874 780 1018 841 coclearia
1041 783 1106 861 tria,

88 868 120 926 in
144 883 238 945 aquae
263 865 363 926 caldae
387 864 501 944 cyathis
525 872 673 943 quattuor.

181 952 267 1015 CXX.
308 952 382 1014 Nam
410 952 492 1013 Cassi
525 953 634 1014 medici
661 953 754 1016 colice
783 955 875 1039 bona,
907 957 1009 1019 multis
1036 968 1106 1019 nota

89 1051 215 1124 propter
239 1042 373 1122 effectus,
395 1059 465 1103 vera
487 1041 561 1102 haec
585 1051 640 1124 est,
663 1051 697 1104 ut
720 1043 756 1104 ab
780 1047 845 1106 elus
869 1064 954 1106 servo
978 1047 1106 1108 Atimeto

89 1133 202 1212 accepi,
227 1130 323 1210 legato
344 1129 446 1191 Tiberi
465 1129 608 1211 Caesaris,
632 1134 701 1210 quia
725 1135 751 1192 is
775 1151 839 1194 eam
863 1135 968 1196 solitus
992 1144 1056 1197 erat
1079 1138 1107 1197 ei
1127 1150 1159 1201 10

88 1238 274 1300 conponere:
311 1219 379 1299 Apii
411 1221 533 1280 semiuis
565 1220 664 1298 pondo
697 1221 850 1303 selibram,
887 1227 970 1284 anesi
1006 1225 1105 1303 pondo

88 1309 298 1390 quadrantem,
336 1310 465 1369 castorei
500 1308 598 1388 pondo
636 1317 814 1390 sextantem,
851 1329 970 1372 murrae
1007 1314 1105 1391 pondo

89 1398 299 1479 quadrantem,
329 1399 429 1476 spicae
457 1397 543 1457 nardi
565 1397 683 1458 Indicae
711 1397 810 1476 pondo
839 1407 1017 1481 sextantem,
1045 1405 1106 1481 opii

86 1487 189 1567 pondo
209 1486 417 1567 quadrantem,
441 1487 523 1546 croci
545 1486 644 1565 pondo
666 1488 866 1567 sescunciam,
888 1490 1001 1568 piperis
1024 1489 1106 1567 longi

85 1576 188 1656 pondo
211 1582 389 1655 sextantem,
417 1576 530 1655 piperis
558 1576 637 1654 nigri
659 1575 757 1654 pondo
782 1579 977 1658 semunciam,
1005 1585 1158 1656 petro-15

88 1664 177 1726 selini
198 1663 297 1744 pondo
322 1670 500 1744 sextantem,
524 1663 647 1724 schoeni
669 1665 767 1743 pondo
790 1668 983 1727 sescunciam.
1024 1665 1104 1728 Haec

87 1755 188 1814 omnia
216 1759 354 1834 contusa,
382 1752 524 1832 cribrata,
551 1751 639 1812 melle
662 1753 760 1813 Attico
784 1754 907 1814 decocto
932 1756 1104 1816 miscentur.

86 1841 180 1903 Datur
205 1860 242 1902 ex
264 1840 322 1901 hoc
345 1840 570 1921 medicamento,
594 1849 738 1919 quantum
766 1861 828 1903 nux
850 1843 981 1904 avellana
1007 1844 1104 1905 media

86 1938 184 2011 patet,
208 1948 245 1991 ex
268 1947 361 2008 aquae
385 1929 496 1990 calidae
516 1929 629 2009 cyathis
652 1929 759 1991 tribus.
801 1931 834 1992 ln
857 1934 931 2012 ipsis
950 1931 1104 1994 doloribus

87 2020 188 2079 statim
210 2018 342 2098 prodest.
379 2018 453 2078 Item
477 2018 548 2079 iacit
570 2018 819 2080 medicamentum
844 2023 936 2081 cerati
955 2040 991 2082 ex
1014 2022 1102 2082 malo·
1122 2035 1157 2084 20

85 2107 194 2168 bathro
216 2105 278 2185 [ex]
299 2107 414 2167 duabus
437 2106 573 2184 partibus
592 2115 622 2168 et
641 2125 727 2167 cerae
750 2111 804 2168 uni
826 2111 952 2170 metum
972 2119 1001 2170 et
1021 2119 1103 2172 extra

86 2198 252 2276 inpositum
274 2197 306 2255 iu
329 2203 464 2255 ventrem
488 2204 593 2256 totum.
637 2195 795 2257 Praeterea
819 2196 990 2257 benefacit
1014 2208 1043 2258 et
1066 2200 1103 2260 ad

85 2284 234 2346 stomachi
260 2283 444 2344 lnllationem
467 2291 497 2344 et
525 2284 561 2344 ad
589 2285 752 2363 suspirium
776 2293 805 2344 et
828 2284 864 2345 ad
888 2287 1028 2345 iocineris
1052 2286 1102 2347 do-

84 2373 194 2454 lorem,
217 2374 338 2453 tussim,
362 2371 598 2433 destiIlationem.

177 2460 276 2522 CXXI.
314 2461 413 2522 Callae
440 2462 566 2521 mirifica
589 2460 657 2522 Iulii
679 2460 765 2522 Bassi
792 2463 851 2522 cito
877 2462 969 2544 levat,
995 2463 1102 2525 deinde
1121 2475 1154 2524 25

84 2616 190 2672 zaraa:
214 2614 239 2669 si
261 2630 318 2669 non
336 2614 371 2669 R.
446 2613 555 2667 211000
574 2614 608 2666 L.
681 2615 840 2686 dadgredi
864 2617 902 2671 L:
929 2617 1047 2687 aggredi
1064 2618 1102 2675 R.

84 2685 201 2741 SCassi
219 2687 259 2740 L:
279 2683 368 2739 Cassii
385 2685 427 2750 R3
447 2685 481 2752 cf.
500 2685 561 2740 aar.
581 2684 661 2753 XIII,
680 2691 741 2742 216.
801 2688 958 2743 9Admeto
977 2689 1010 2743 L.
1068 2694 1101 2742 10

83 2757 193 2828 legato]
212 2756 314 2812 liberto
331 2757 485 2826 Piquorc‘ae
502 2756 597 2825 legato
618 2758 664 2826 (ec.
679 2762 845 2823 testamento)
860 2759 972 2813 Tiberio
988 2756 1101 2812 Caesari

83 2829 203 2898 Lepsios
226 2845 260 2882 ex
283 2827 380 2897 legato
403 2828 559 2881 Buecheler.
632 2825 727 2881 Tiberi
750 2829 789 2883 L:
814 2827 919 2882 Tiberii
941 2829 977 2882 R.
1052 2830 1100 2896 qui

85 2914 149 2954 eam
170 2898 271 2954 solitus
290 2900 351 2953 erat
369 2913 536 2967 componere
556 2897 595 2951 sic
614 2898 649 2951 L.
723 2904 755 2951 15
778 2899 884 2968 piperis
907 2898 983 2966 nigri
1006 2900 1099 2966 pondo

84 2971 245 3026 sextantem
265 2968 436 3023 semunciam
450 2968 487 3035 R,
506 2967 679 3023 semunciam
693 2969 853 3036 0011110001,
872 2985 919 3038 epo
934 2969 1099 3037 sextantem,

84 3042 111 3095 L
130 3043 204 3096 erta'm
222 3038 394 3095 semunciam
408 3045 504 3109 praest
523 3044 542 3094 t.
598 3045 631 3093 17
651 3040 768 3094 decocto
783 3039 822 3093 L:
843 3040 1008 3094 decoctaR.
1066 3046 1098 3094 18

84 3113 217 3167 avellana
235 3112 273 3166 L:
294 3111 425 3166 abellana
442 3110 478 3166 R.
551 3110 645 3164 media
663 3111 744 3179 patet
761 3127 811 3166 om.
828 3111 862 3164 L.
937 3116 970 3164 19
990 3109 1099 3165 calidae

84 3184 257 3252 tracsposoc
275 3182 375 3250 111001,
392 3187 455 3251 post
472 3180 561 3235 tribus
580 3183 670 3236 001100.
689 3182 724 3237 R.
796 3187 830 3235 20
849 3181 1098 3265 10011100010000-

79 3252 1099 3393 attractatil.³.ll.⁰.a⁰lltl.h..l.'‘atttltttllriltla

85 3399 115 3450 et
137 3400 231 3453 totum
249 3400 329 3452 extra
351 3396 505 3466 inpositum
528 3394 703 3450 inventrem
725 3395 878 3464 plurimum
900 3393 989 3449 iuvat.
1064 3401 1097 3448 21
1163 3435 1180 3461 s

85 3483 120 3520 ex
137 3469 248 3524 lacteat.
320 3468 369 3521 uni
391 3468 503 3536 scripsi:
526 3466 607 3519 unius
625 3467 660 3522 R.
734 3472 769 3520 24
788 3469 817 3521 01
835 3467 871 3521 ad
889 3468 997 3521 tussam
1015 3467 1045 3520 et
1062 3465 1098 3519 ad

84 3556 156 3594 uvae
174 3537 394 3596 destillationem
413 3538 447 3592 L.
517 3541 550 3590 25
570 3536 635 3590 Iulii
653 3537 743 3609 Bassi]
763 3539 798 3606 cf.
816 3538 887 3593 Gall.
902 3536 981 3606 XIII,
1001 3542 1062 3592 200.

911 3624 944 3677 ᾖ
