2430 3922
124 130 173 226 42*
389 160 489 219 rur.
514 161 560 214 Ar
577 160 725 216 uanam
743 159 882 218 Cererem.

122 324 282 410 linguam,
318 326 355 387 ut
388 322 486 388 etiam
517 321 697 388 necessaria
729 321 885 388 uideatur.
932 322 1019 400 Quae
1055 329 1141 407 sunt,

123 434 205 496 quae
227 433 303 477 uere
327 415 360 475 et
383 412 515 496 proprie
532 411 716 477 necessaria.
730 410 888 476 dicimus?
920 411 1075 477 nimirum
1094 435 1140 498 ea,

124 500 243 585 quibus
266 521 373 566 carere
395 501 486 566 nullo
509 500 605 566 modo
628 521 809 584 possumus.
854 499 1040 565 huiusmodi
1064 505 1140 566 sunt

122 588 264 673 primum
294 589 466 674 elementa,
496 588 624 673 deinde,
654 588 774 672 quibus
804 589 923 653 famem
951 588 1139 676 frigoraque

93 698 275 762 carcamue,
298 677 413 761 uictus,
436 676 639 761 uestimenta,
661 676 757 742 aedes
777 681 897 762 autea,
922 677 1042 762 quibus
1060 678 1140 744 haec

121 771 285 849 parantur.
331 768 497 848 praeterea
526 764 561 829 in
583 765 726 849 publicis
748 766 848 830 rebus
869 765 960 851 leges
982 769 1015 830 et
1038 766 1139 853 magi-

122 858 256 941 stratus,
288 853 323 917 in
352 852 490 936 priuatis
521 853 678 918 seueritas
710 857 743 918 et
776 853 955 940 uigilantia.
1006 876 1047 918 ex
1077 856 1139 920 hoc

121 963 254 1007 numero
281 940 432 1005 Latinam
461 946 547 1007 certe
576 964 645 1006 non
674 963 743 1006 esse
771 941 918 1028 linguam
944 941 1038 1006 facile
1067 965 1140 1009 con-

122 1030 208 1095 cedo.
253 1051 359 1114 neque
383 1029 469 1094 enim
491 1030 520 1094 is
544 1053 605 1117 ego
628 1051 714 1113 sum,
743 1030 799 1114 qui
822 1031 965 1096 libenter
987 1052 1061 1096 cum
1085 1054 1138 1097 ue

80 1118 217 1183 raritate
248 1139 400 1204 pugnem.
453 1118 509 1183 sed
539 1123 668 1202 praeter
696 1119 788 1203 hacc,
819 1119 939 1203 quibus
968 1119 1139 1185 hominum

121 1206 191 1271 uita
217 1206 396 1271 sustinetur
419 1211 453 1271 et
474 1206 613 1293 regitur,
643 1228 740 1291 quam
767 1207 871 1272 multa
898 1212 975 1272 sunt
1004 1207 1139 1272 minime

87 1330 90 1337 =
120 1294 313 1380 necessaria,
350 1315 433 1378 quae
469 1299 578 1359 tamen
614 1296 772 1360 habemus
808 1295 843 1360 in
878 1295 1015 1379 deliciis,
1055 1318 1139 1380 quae

121 1405 278 1467 amamus,
309 1405 390 1467 quae
420 1382 519 1447 etiam
548 1383 670 1449 honore
700 1383 948 1468 prosequimur?
993 1406 1140 1470 gemmae

122 1476 154 1535 et
172 1494 251 1536 uasa
268 1471 409 1556 pretiose
428 1472 558 1557 caelata,
582 1472 746 1537 columnas
765 1494 969 1557 marmoreae,
987 1472 1139 1557 laqueata

80 1564 223 1645 retecta,
246 1559 363 1625 sericas
387 1564 507 1646 uestes,
530 1560 661 1625 textiles
684 1560 842 1645 picturae,
870 1565 972 1625 artem
995 1560 1030 1624 in
1052 1561 1140 1627 uoci·

122 1649 185 1714 bus
204 1653 238 1713 et
251 1648 381 1732 fidibus,
400 1649 515 1714 odores
529 1649 563 1713 in
576 1649 760 1735 unguentis,
779 1648 984 1714 condimenta
997 1648 1033 1713 in
1046 1649 1140 1734 cibis,

120 1738 200 1816 haec
222 1741 308 1803 certe
331 1742 429 1821 atque
455 1737 553 1802 huius
580 1737 708 1824 generis
731 1742 895 1820 sexcenta,
924 1758 991 1802 non
1018 1741 1056 1802 ut
1085 1761 1140 1802 ne-

121 1825 263 1890 cessitati
286 1830 428 1911 pareret,
456 1826 512 1889 sed
539 1829 577 1890 ut
600 1826 747 1890 sensibus
770 1826 982 1909 satisfaceret,
1010 1825 1139 1892 inuenit

120 1913 285 1978 industria.
340 1935 420 1996 quae
451 1913 531 1997 quin
559 1914 702 1978 habeant
732 1913 941 1978 iucunditatis
977 1918 1010 1979 et
1045 1936 1138 1980 orna

78 2023 107 2064 ao
120 2001 222 2066 menti
245 2001 436 2087 plurimum,
463 2023 558 2066 nemo
586 2006 692 2088 negat.
739 2001 890 2087 quodsi,
917 2023 998 2086 quae
1022 2024 1139 2068 sensus

119 2090 234 2155 iuuant
257 2094 290 2154 et
311 2089 474 2155 laboriose
502 2089 648 2174 quaesita
675 2096 751 2156 sunt
779 2095 812 2155 et
839 2091 1022 2156 retinentur
1044 2113 1136 2156 eccu-

119 2184 198 2263 rate,
221 2183 341 2264 quanto
359 2178 456 2243 uobis
475 2200 521 2263 ea,
544 2201 626 2262 quae
644 2178 788 2243 animum
807 2180 981 2265 oblectant,
1004 2179 1137 2263 potiora

120 2268 240 2332 debent
277 2267 368 2332 esse?
411 2267 556 2351 pascitur
593 2267 720 2331 animus
756 2267 980 2354 magnitudine
1017 2289 1135 2333 rerum

120 2355 198 2440 quid
219 2355 306 2420 Liuii
328 2355 500 2420 sublimius
518 2355 663 2440 historia,
688 2378 769 2439 quae
793 2355 908 2441 populi
925 2356 965 2420 R.
983 2355 1137 2421 bellicam

77 2466 105 2505 aa
120 2443 276 2508 uirtutem
308 2445 558 2509 commemorat?
600 2444 761 2530 grauitate
794 2443 1028 2509 sententiarum
1061 2444 1136 2528 quis

120 2530 273 2596 Cicerone
291 2531 492 2616 prudentiae,
511 2531 584 2616 quis
602 2531 760 2597 eruditius
779 2532 947 2616 disputat?
971 2532 1136 2618 elegantia

119 2621 294 2685 uerborum
316 2624 350 2684 et
372 2620 466 2704 copia
490 2620 563 2705 quis
581 2621 694 2685 eodem
712 2621 865 2706 ornatior,
888 2621 960 2704 quis
978 2620 1135 2686 uberior?

118 2708 275 2773 uarietate
298 2708 492 2792 scriptorum
516 2709 603 2793 quod
625 2730 727 2795 genus
744 2709 909 2774 Romanae
932 2709 1060 2773 litterae
1084 2710 1137 2773 de·

119 2796 284 2861 siderant?
316 2801 430 2880 poetas
449 2798 572 2862 habent
595 2797 753 2884 egregios,
775 2797 957 2881 historicos,
980 2803 1137 2881 oratores,

76 2906 105 2946 ec
119 2884 334 2969 philosophos
358 2885 455 2950 etiam
479 2886 650 2951 excellenti
673 2886 819 2951 doctrina
842 2887 954 2952 claros,
1001 2908 1084 2970 quae
1108 2887 1137 2951 si

118 2996 196 3039 uera
227 2980 304 3040 sunt
336 2973 416 3062 (sint
448 2997 564 3062 necne,
595 2998 647 3040 res
679 2975 751 3058 ipsa
783 2974 936 3059 declarat,
969 2973 1137 3060 ambigere

118 3084 185 3128 non
213 3061 305 3149 licet)
338 3067 370 3127 et
402 3063 429 3128 si
459 3064 663 3148 uoluptatem
693 3062 847 3128 studiosis
877 3062 993 3127 Latina
1022 3063 1137 3150 lingua

118 3151 207 3234 parit
229 3151 460 3236 incredibilem,
483 3174 618 3238 possum
636 3151 709 3217 istis
727 3151 880 3236 tribuere,
904 3151 991 3236 quod
1008 3151 1136 3216 uolunt.

118 3239 331 3304 necessariam
357 3239 458 3327 uulgo
484 3264 551 3307 non
579 3262 661 3326 esse,
694 3240 771 3304 dum
797 3240 862 3324 ipsi
891 3244 1015 3326 contra,
1048 3239 1137 3324 quod

77 3349 107 3391 aa
120 3327 203 3392 ratio
227 3328 373 3412 postulat
396 3334 492 3414 atque
516 3329 633 3415 exigit,
656 3329 718 3393 hoc
741 3328 822 3392 mihi
846 3328 1007 3412 tribuant,
1030 3349 1138 3393 aman·

121 3415 195 3480 dam
226 3437 295 3482 esse
326 3418 535 3483 uehementer
567 3421 665 3503 atque
697 3417 921 3500 expetendam.
971 3417 1028 3481 sed
1057 3417 1138 3481 haec

118 3503 160 3568 ed
178 3525 257 3592 eam,
281 3528 345 3591 qua
362 3505 499 3592 legendo
518 3505 666 3591 fruimur,
688 3505 891 3590 uoluptatem
909 3527 985 3590 pars
1004 3505 1138 3570 attinet:
