2400 3922
460 181 673 245 ..37-

147 341 303 404 LXXXVI.
348 341 431 404 Alter
463 342 599 423 pastillus
631 344 667 404 ad
700 344 853 422 sanguinis
885 346 1072 423 eruptionem

54 432 185 493 mirifice
213 432 339 492 faciens:
371 430 568 510 Tragacanthi
599 450 627 511 p.
652 431 678 492 it
706 430 797 513 VIIII,
831 430 944 492 Samiae
973 442 1072 495 cretae

55 539 84 601 p.
108 520 135 582 X
162 518 228 601 Vll,
262 538 349 581 cerae
376 519 516 581 Ponticae
548 539 577 598 p.
601 520 626 581 X
653 519 745 602 VIIII,
778 519 978 600 glycyrrhizae
1009 524 1074 583 suci

57 607 119 689 [est
142 616 243 670 autem
266 608 351 669 radix
369 607 480 686 dulcis]
504 628 533 687 p.
553 608 578 668 X
598 609 631 691 V,
655 610 803 688 symphyti
826 610 892 670 suci
914 627 942 687 p.
962 609 988 669 X
1010 609 1073 689 XII,

56 698 183 760 cosanus
201 696 272 777 pli
291 696 358 778 IIII,
381 696 583 777 hypocistidos
603 700 668 758 suci
686 716 714 776 p.
730 696 755 756 it
774 696 838 779 VII,
857 699 934 758 turis
952 717 981 778 p.
996 697 1022 758 ii
1039 696 1072 776 V,
1092 709 1108 758 5

56 786 197 848 aluminis
225 784 332 864 liquidi
362 805 391 864 p.
415 785 440 845 X
466 784 507 866 II,
537 787 597 865 opii
630 806 657 867 p.
682 785 707 845 X
735 785 767 867 V,
799 785 890 846 amuli
922 804 949 866 p.
973 785 998 845 it
1025 785 1073 867 Vl,

56 893 178 936 murrae
202 893 231 953 p:
250 872 327 955 XV,
351 876 432 935 croci
455 892 483 952 p.
503 873 528 934 ii
547 872 610 955 VII,
634 874 812 953 plantaginis
836 876 900 935 suci
923 893 951 953 p.
971 874 997 934 X
1018 874 1073 955 1113

55 966 138 1044 passi
163 964 282 1023 meconi
301 961 380 1041 qtiod
401 965 472 1022 satis
491 965 549 1023 erit
573 962 755 1045 miscebitur,
779 964 855 1024 tium
878 963 1001 1045 pastilli,
1024 962 1074 1024 alii

56 1051 192 1132 pondere
216 1051 240 1111 it
265 1051 291 1132 I,
318 1050 369 1112 alii
391 1052 547 1112 victoriati.
588 1050 744 1112 Dabuntur
767 1070 803 1112 ex
826 1070 920 1132 aquae
943 1054 1073 1132 tepentis

56 1139 173 1221 cyathis
196 1138 313 1200 duobus
337 1147 368 1200 et
390 1138 521 1200 dimidio.
1093 1151 1127 1201 10

146 1226 315 1288 LXXXVII
355 1226 554 1308 Catapotium,
581 1227 611 1288 id
635 1236 681 1288 est
705 1227 966 1309 medicamentum,
994 1229 1074 1308 quod

56 1334 118 1378 non
141 1315 277 1398 diluitur,
306 1316 357 1377 sed
386 1318 426 1377 ita
453 1324 488 1377 ut
515 1323 561 1377 est
588 1316 757 1397 devoratur,
785 1315 820 1375 ad
849 1318 970 1395 tussim,
998 1334 1074 1395 quae

57 1423 127 1467 cum
156 1404 252 1466 lluore
280 1412 339 1465 est:
367 1404 453 1465 Croci
481 1405 579 1484 pondo
608 1407 709 1484 uncia,
736 1421 856 1464 murrae
882 1404 981 1482 pondo
1010 1422 1073 1464 sex-

56 1502 133 1575 tans,
157 1496 208 1573 opi
225 1493 324 1572 pondo
344 1493 502 1572 quadrans.
535 1492 735 1554 Contunditur
754 1509 884 1573 crocum,
907 1491 1073 1571 percribra·

57 1591 122 1663 tur3
146 1589 289 1643 contusae
312 1599 432 1642 murrae
451 1584 553 1660 opium
577 1581 759 1642 admiscetur
777 1598 853 1659 aqua
872 1583 976 1659 estgua
996 1580 1073 1641 dilu-
1093 1591 1126 1641 15

56 1680 132 1732 tum.
168 1668 277 1731 Postea
297 1669 425 1731 adicitur
444 1688 566 1730 crocum
586 1677 703 1730 etcum
725 1672 757 1729 in
775 1686 870 1730 uutrm
887 1668 963 1729 bene
982 1671 1073 1730 mixta

56 1767 143 1841 sunt,
161 1759 316 1838 tinguntur
329 1757 438 1837 pilulae
453 1759 517 1818 ervi
535 1757 761 1839 magnitudinis,
780 1757 889 1818 dantur
905 1760 936 1818 in
955 1766 1073 1819 noctem

56 1857 162 1909 ternae
185 1846 233 1907 vel
256 1854 426 1926 quaternae.

147 1933 330 1996 LXXXVIII.
371 1935 558 2014 Catapotium
590 1934 717 1996 alterum
749 1934 785 1996 ad
813 1937 920 1996 tussim
947 1935 1073 1996 aridam:

57 2024 191 2104 ldurrae,
216 2025 343 2104 piperis,
367 2025 507 2104 castorei,
530 2023 660 2104 galbani,
684 2025 822 2105 storacis,
846 2026 920 2104 opii,
943 2023 1072 2102 singulo·
1092 2033 1126 2082 so

57 2131 125 2174 rum
149 2112 229 2173 idem
252 2112 403 2192 ponderis.
440 2110 614 2173 Castoreum
637 2120 667 2173 et
690 2114 776 2191 piper
799 2111 1025 2172 contunduntur
1044 2120 1074 2173 et

57 2201 240 2281 cribrantur,
263 2200 370 2261 deinde
393 2218 496 2261 murra
518 2208 586 2261 ante
609 2203 680 2262 trita
699 2201 807 2261 ceteris
827 2201 960 2260 contusis
979 2217 1073 2278 aeque

57 2291 250 2351 admiscetur.
287 2288 344 2350 Ubi
367 2291 499 2349 omnium
523 2291 621 2349 unitas
646 2289 787 2348 mortario
806 2287 883 2348 facta
904 2294 963 2368 est,
986 2286 1073 2347 melle

58 2378 235 2458 despumato
259 2377 508 2439 medicamentum
532 2376 795 2457 conprehenditur,
818 2375 925 2437 deinde
944 2376 1072 2436 lorman·

56 2475 109 2529 tur
137 2465 249 2545 pilulae
276 2467 369 2526 viciae
401 2465 627 2546 magnitudInis3
659 2465 768 2526 dantur
797 2474 900 2540 ternae
927 2464 973 2525 vel
1001 2483 1071 2545 qua·
1092 2474 1127 2525 25

56 2565 161 2617 ternae
184 2556 216 2614 in
240 2562 367 2615 noctem.

147 2641 341 2704 LXXXVIIII.
387 2642 474 2703 titud
508 2645 688 2721 catapotium
720 2643 757 2707 ad
793 2645 900 2706 tussim
933 2651 1074 2724 veterem,

58 2733 238 2813 suspirium,
262 2729 317 2807 [et]
341 2731 454 2809 phthisi
477 2739 645 2812 temptatos,
673 2731 781 2792 lienem
805 2743 835 2793 et
857 2735 941 2793 iecur
964 2731 1073 2791 durum

57 2819 217 2901 habentes3
236 2818 314 2879 idem
333 2818 515 2880 inflationem
531 2818 607 2880 tollit
621 2827 651 2879 et
664 2829 773 2899 purgat
791 2819 955 2898 mulierem,
974 2820 1000 2878 si
1014 2836 1072 2896 qua

130 3045 247 3098 acutae
265 3057 320 3110 pro
338 3057 419 3096 ceras
438 3043 482 3096 M.
551 3039 704 3110 olyceriaae
723 3039 757 3094 L.
829 3040 946 3096 lumba
963 3039 1073 3096 inclusa

57 3115 217 3183 interpretis
239 3128 293 3168 esse
315 3113 451 3167 uidentur.
525 3109 753 3181 bhypocistidos
773 3109 812 3165 L:
836 3107 1016 3174 iaousosidoe
1035 3110 1071 3165 R.

58 3183 183 3255 tamyli
200 3184 238 3239 R.
311 3181 451 3238 8miconi
474 3182 501 3237 L
523 3181 645 3237 meconii
664 3181 701 3236 R.
772 3181 843 3236 fiant
861 3181 894 3236 L.
968 3186 1073 3252 ipon-

57 3257 123 3312 dere
141 3256 254 3324 scripsi:
278 3259 319 3323 p0.
338 3252 374 3309 R.
448 3259 481 3309 13
500 3253 585 3309 uncia
601 3254 713 3322 scripsi:
736 3252 836 3307 unciae
855 3251 891 3307 R.
960 3255 1073 3306 sextans

56 3342 118 3396 epo:
142 3323 281 3381 sextantis
303 3323 340 3380 R.
413 3329 447 3378 14
470 3324 518 3394 opi
540 3323 580 3378 L:
604 3323 662 3393 opii
686 3323 722 3378 R.
795 3321 936 3392 quadrans
958 3324 1072 3392 scripsit

56 3397 223 3466 quadrantis
243 3394 279 3450 R.
354 3400 386 3449 1⁷
406 3397 519 3450 noctem
538 3396 586 3450 M:
610 3395 692 3450 nocie
712 3394 747 3449 R.
820 3401 855 3450 so
879 3392 1018 3448 storachis
1036 3390 1073 3445 L.

58 3475 91 3523 22
110 3468 227 3538 myrrha
247 3482 272 3520 a.
287 3465 357 3521 trita
376 3467 424 3520 M:
448 3465 579 3534 myrrhae
597 3481 623 3521 a.
637 3466 722 3523 tritae
740 3465 777 3522 R.
849 3471 884 3520 28
903 3462 1078 3519 admiscetur

57 3541 103 3596 M:
123 3538 316 3593 admiscentur
334 3536 369 3592 R.
443 3541 477 3591 28
496 3535 615 3607 suspirio
635 3537 674 3590 M
742 3540 770 3592 et
788 3537 897 3593 inclusi.
