2430 3922
523 154 743 219 ..28-

127 313 208 398 <ad>
236 317 423 379 tonsillarum
456 325 604 379 tumorem
635 335 789 399 magnum,
821 324 856 378 ut
886 316 978 396 digito
1007 317 1142 395 pressius

126 407 281 468 fricentur.

215 494 303 555 Lllll.
344 494 398 555 Est
425 502 456 555 et
483 495 641 556 molestum
672 493 838 575 interdum,
871 512 938 555 cum
972 512 1083 555 cancer
1110 513 1143 555 os

127 586 264 665 corripit,
302 583 381 664 quod
418 585 511 645 initiis
548 583 717 662 neglectum
751 582 834 644 brevi
870 584 965 662 spatio
998 586 1143 661 temporis

92 685 108 733 5
126 675 232 733 mortis
256 691 344 734 causa
364 683 418 734 est.
451 671 577 752 Oportet
595 690 666 751 ergo
686 689 755 732 cum
777 673 907 751 primum
926 673 1023 732 visum
1043 671 1143 754 fuerit,

127 770 285 841 antequam
304 760 392 823 latius
413 769 513 841 serpat
530 761 692 840 faucesque
710 768 847 842 occupet,
870 762 946 840 misy
963 767 1034 820 usto
1055 778 1143 839 quam

127 850 255 929 plurimo
288 868 357 910 cum
393 849 481 910 melle
513 850 559 909 uti
595 851 727 931 saepius,
763 848 870 909 deinde
902 847 1034 910 colluere
1067 867 1142 928 aqua

128 939 248 1000 oleastri
272 937 388 999 decocti
412 936 538 999 subinde
562 944 613 999 aut
636 939 756 998 corticis
779 937 996 1016 maligranati.

216 1025 317 1087 Llllll.
349 1024 598 1087 Medicamentum
612 1025 761 1088 Andronis
776 1025 899 1105 prodest
915 1027 947 1086 in
961 1027 1045 1087 omni
1058 1035 1143 1104 parte

75 1131 108 1179 uo
128 1116 262 1194 corporis
290 1115 368 1175 lacto
397 1132 519 1196 cancro,
551 1115 658 1194 recipit
686 1122 785 1177 autem
812 1114 898 1177 haec:
930 1113 1000 1175 llali
1026 1115 1144 1193 granati

128 1204 248 1264 corticis
276 1222 304 1283 p.
324 1203 350 1263 Χ
373 1203 414 1286 X,
441 1215 539 1264 terrae
563 1202 633 1263 mali
660 1224 688 1284 p.
707 1203 733 1264 Χ
756 1202 848 1284 Vllll,
876 1202 955 1264 aloes
983 1221 1011 1282 p.
1031 1202 1058 1262 Χ
1081 1202 1145 1284 llll,

127 1309 247 1353 murrae
270 1310 298 1371 p.
318 1291 344 1352 Χ
367 1292 407 1374 ll,
433 1292 524 1371 gallae
548 1310 576 1371 p.
596 1291 622 1352 Χ
644 1292 724 1374 Vlll,
747 1291 885 1352 aluminis
908 1292 972 1352 fissi
995 1309 1023 1370 p.
1045 1291 1071 1352 Χ
1093 1291 1144 1373 lll,

128 1383 205 1442 aeris
237 1380 319 1442 floris
352 1399 380 1460 p.
409 1381 435 1441 Χ
467 1381 568 1442 duum.
615 1380 768 1442 Teruntur
797 1388 828 1441 et
858 1379 1032 1441 cribrantur
1065 1382 1146 1441 sicca

128 1471 256 1552 curiose,
279 1469 386 1530 deinde
410 1469 592 1532 admiscetur
615 1487 735 1549 passum
759 1469 919 1548 Creticum,
941 1468 1014 1529 dum
1037 1468 1146 1530 habeat

76 1575 109 1624 15
129 1559 354 1638 spissitudinem
377 1559 486 1640 mellis3
509 1561 586 1619 vitro
606 1559 770 1638 reponitur.
808 1557 883 1618 Cum
900 1575 976 1636 opus
996 1565 1052 1639 est,
1075 1559 1147 1618 vino

128 1656 248 1710 austero
282 1647 474 1725 [sumendum
506 1648 755 1709 medicamentum
789 1645 848 1723 est]
882 1645 1013 1707 diluitur.
1061 1645 1147 1707 Facit

128 1736 185 1797 hoc
223 1737 472 1798 medicamentum
505 1732 578 1816 <et>
609 1735 645 1796 ad
678 1733 876 1796 carbunculos
908 1743 938 1795 et
970 1733 1007 1795 ad
1044 1736 1146 1814 ignem

129 1843 248 1885 sacrum
272 1836 302 1886 et
325 1825 361 1884 ad
384 1842 501 1906 zonam,
525 1843 614 1904 quam
636 1823 741 1884 Graeci
764 1821 874 1903 ἕρπητα
897 1824 1008 1884 dicunt.

218 1911 332 1972 LXllll.
369 1912 412 1973 hd
436 1912 567 1973 faucium
590 1930 723 1992 uvaeque
742 1920 891 1974 tumorem
914 1912 1070 1973 stomatice
1089 1911 1147 1973 hac

75 2017 109 2066 eo
129 2000 192 2060 lere
216 2007 352 2082 utuntur,
376 2003 444 2080 quia
467 2001 578 2061 nullam
599 2000 814 2080 aspritudinem
833 1999 923 2061 habet
942 2008 972 2062 et
991 2001 1064 2061 satis
1083 2001 1147 2061 esu-

128 2106 184 2149 cax
207 2097 266 2150 est:
289 2088 368 2150 Uvae
386 2089 527 2151 Amineae
551 2089 684 2169 acerbae,
707 2091 929 2168 cumprimum
952 2107 1078 2169 granum
1101 2092 1147 2150 in·

130 2179 220 2256 cipiet
238 2177 404 2260 perlucere,
428 2180 492 2239 suci
512 2180 657 2239 sextarios
677 2186 827 2258 quattuor,
849 2177 944 2238 mellis
963 2177 1056 2239 Attici
1080 2195 1146 2238 sex·

129 2268 239 2327 tarium
263 2269 455 2329 commisceto
479 2269 509 2328 in
533 2286 626 2329 unum
652 2275 740 2346 atque
764 2269 795 2327 in
819 2284 905 2327 aereo
928 2284 998 2327 vaso
1021 2268 1146 2346 coquito

130 2354 257 2416 subinde
281 2374 412 2436 movens,
435 2357 530 2417 donec
552 2355 649 2416 mellis
673 2354 898 2435 spissitudinem
921 2354 1037 2416 habeat.

76 2463 110 2512 25
219 2442 303 2504 LXV.
340 2443 439 2504 Altera
462 2444 499 2505 ad
523 2445 626 2506 eadem
649 2453 718 2504 utor
743 2445 909 2524 stomatice,
938 2462 1006 2504 cum
1030 2443 1148 2506 diutius

131 2538 250 2590 vexatae
279 2540 379 2610 partes
407 2540 475 2592 ante
503 2533 599 2594 dictae
628 2541 711 2595 sunt:
743 2531 889 2593 Aluminis
917 2533 980 2593 tissi
1007 2550 1036 2611 p.
1060 2533 1086 2593 Χ
1109 2532 1147 2612 ll,

131 2617 222 2697 gallae
242 2626 384 2680 contusae
403 2639 431 2699 p.
448 2619 473 2680 Χ
491 2619 531 2700 ll,
550 2621 687 2700 omphaci
705 2621 781 2681 aridi
800 2640 827 2700 p.
843 2620 869 2680 Χ
887 2621 913 2701 l,
933 2624 1014 2681 croci
1033 2621 1104 2700 pil
1124 2621 1147 2700 l,

129 2708 210 2786 passi
225 2706 335 2768 Cretici
354 2710 501 2769 sextarius
520 2727 607 2770 uncis.
637 2709 700 2771 Hoc
719 2710 897 2788 decoquitur
916 2726 985 2769 vaso
1005 2710 1090 2770 fictili
1109 2710 1147 2770 ad

131 2949 247 3020 gingiva
259 2950 300 3018 R;
314 2951 456 3006 corborum
469 2952 592 3006 ordinem
606 2951 726 3006 restitnit
739 2949 838 3017 Rhesi,
852 2966 899 3020 opo
912 2949 1032 3006 increvit
1045 2951 1148 3021 scripsi

131 3026 156 3075 et
179 3020 295 3091 gingiva
316 3023 428 3078 aeduis
446 3023 656 3091 circumscripsi.
730 3020 801 3075 lad
824 3022 942 3077 inseruit
963 3021 1054 3078 Raoo.
1128 3028 1146 3077 6

131 3091 215 3147 misui
232 3093 266 3148 L.
337 3098 370 3147 15
389 3109 453 3146 cum
468 3108 538 3162 opus
552 3095 604 3160 est,
622 3093 688 3147 vino
708 3092 821 3147 austero
840 3092 1005 3147 sumendum
1023 3093 1148 3149 medice·

131 3164 257 3217 mentum
276 3166 327 3231 esi,
345 3163 419 3218 vitro
432 3165 587 3233 reponitur,
606 3162 725 3218 diluitur
738 3163 774 3231 R,
793 3180 840 3234 eqo
857 3164 992 3220 uocabula
1010 3163 1085 3220 vitro
1104 3181 1146 3220 re·

130 3231 245 3302 ponitur
264 3241 328 3304 poci
345 3233 438 3289 mellis
457 3236 618 3303 transposui
635 3239 660 3290 ei
677 3234 811 3290 uocabula
834 3233 1000 3289 sumendum
1022 3235 1147 3291 medica-

130 3305 257 3359 mentum
271 3307 316 3359 est
333 3323 352 3360 a
366 3307 404 3359 M
421 3307 521 3360 omissa
538 3311 678 3374 tamquam
696 3306 827 3374 ylosaema
845 3308 925 3361 urceis
942 3307 1054 3361 inclusi.
1112 3311 1145 3361 l‘l

131 3377 161 3429 eb
178 3376 279 3431 addidi
296 3393 310 3430 e
328 3376 369 3430 M.
442 3383 475 3431 18
493 3376 640 3446 herpetam
659 3375 694 3430 L.
768 3381 801 3430 21
820 3376 921 3446 incipit
939 3376 981 3431 M.
1055 3383 1091 3432 25
1110 3377 1148 3432 ud

130 3446 227 3500 eadem
245 3449 357 3516 scripsi:
377 3447 502 3502 eiusdem
516 3447 544 3502 R
562 3448 653 3502 ultera
667 3446 703 3501 ud
718 3446 856 3502 eiusmodi
874 3447 1019 3503 molestias
1034 3464 1148 3518 compo·

130 3515 197 3571 sitio
215 3517 256 3572 M.
330 3522 364 3571 27
383 3518 514 3588 omphaci
531 3518 569 3573 L:
591 3517 733 3587 omphacii
750 3519 786 3574 R.
