<?xml version="1.0" encoding="UTF-8"?>
<!DOCTYPE html PUBLIC "-//W3C//DTD XHTML 1.0 Transitional//EN"
    "http://www.w3.org/TR/xhtml1/DTD/xhtml1-transitional.dtd">
<html xmlns="http://www.w3.org/1999/xhtml" xml:lang="en" lang="en">
 <head>
  <title>
</title>
<meta http-equiv="Content-Type" content="text/html;charset=utf-8" />
  <meta name='ocr-system' content='tesseract 3.04.00' />
  <meta name='ocr-capabilities' content='ocr_page ocr_carea ocr_par ocr_line ocrx_word'/>
</head>
<body>
  <div class='ocr_page' id='page_1' title='image "./paulimanutiiepi00fickgoog_0233.png"; bbox 0 0 2400 3922; ppageno 0'>
   <div class='ocr_carea' id='block_1_1' title="bbox 524 199 740 264">
    <p class='ocr_par' dir='ltr' id='par_1_1' title="bbox 524 199 740 264">
     <span class='ocr_line' id='line_1_1' title="bbox 524 199 740 264; baseline 0.005 -19"><span class='ocrx_word' id='word_1_1' title='bbox 524 199 740 264; x_wconf 79' lang='grc'><strong>,46-</strong></span> 
     </span>
    </p>
   </div>
   <div class='ocr_carea' id='block_1_2' title="bbox 68 361 1136 3183">
    <p class='ocr_par' dir='ltr' id='par_1_2' title="bbox 89 361 1130 800">
     <span class='ocr_line' id='line_1_2' title="bbox 124 361 1128 444; baseline -0.001 -18"><span class='ocrx_word' id='word_1_2' title='bbox 124 365 252 444; x_wconf 82' lang='lat' dir='ltr'><strong>trigidae</strong></span> <span class='ocrx_word' id='word_1_3' title='bbox 276 363 389 444; x_wconf 83' lang='lat' dir='ltr'><strong>cyathis</strong></span> <span class='ocrx_word' id='word_1_4' title='bbox 413 362 530 424; x_wconf 91' lang='lat' dir='ltr'><strong>duobus</strong></span> <span class='ocrx_word' id='word_1_5' title='bbox 554 364 594 422; x_wconf 90' lang='lat' dir='ltr'><strong>ita</strong></span> <span class='ocrx_word' id='word_1_6' title='bbox 616 361 750 442; x_wconf 91' lang='lat' dir='ltr'><strong>prodest,</strong></span> <span class='ocrx_word' id='word_1_7' title='bbox 774 369 809 422; x_wconf 90' lang='lat' dir='ltr'><strong>ut</strong></span> <span class='ocrx_word' id='word_1_8' title='bbox 832 361 919 422; x_wconf 87' lang='lat' dir='ltr'><strong>facile</strong></span> <span class='ocrx_word' id='word_1_9' title='bbox 939 361 1128 424; x_wconf 87' lang='lat' dir='ltr'><strong>abstinercah</strong></span> 
     </span>
     <span class='ocr_line' id='line_1_3' title="bbox 125 448 1129 534; baseline -0.004 -19"><span class='ocrx_word' id='word_1_10' title='bbox 125 471 202 534; x_wconf 89' lang='lat' dir='ltr'><strong>aqua</strong></span> <span class='ocrx_word' id='word_1_11' title='bbox 225 455 370 532; x_wconf 84' lang='lat' dir='ltr'>proximis</span> <span class='ocrx_word' id='word_1_12' title='bbox 393 451 499 513; x_wconf 90' lang='lat' dir='ltr'><strong>diebus</strong></span> <span class='ocrx_word' id='word_1_13' title='bbox 522 450 646 530; x_wconf 87' lang='lat' dir='ltr'><strong>possint.</strong></span> <span class='ocrx_word' id='word_1_14' title='bbox 688 448 827 511; x_wconf 84' lang='lat' dir='ltr'><strong>Lienosis</strong></span> <span class='ocrx_word' id='word_1_15' title='bbox 849 468 922 511; x_wconf 87' lang='lat' dir='ltr'><strong>vero</strong></span> <span class='ocrx_word' id='word_1_16' title='bbox 941 469 981 512; x_wconf 86' lang='lat' dir='ltr'><strong>ex</strong></span> <span class='ocrx_word' id='word_1_17' title='bbox 1003 470 1088 532; x_wconf 90' lang='lat' dir='ltr'><strong>posca</strong></span> <span class='ocrx_word' id='word_1_18' title='bbox 1105 460 1129 512; x_wconf 88' lang='lat' dir='ltr'><strong>ot</strong></span> 
     </span>
     <span class='ocr_line' id='line_1_4' title="bbox 124 537 1130 620; baseline -0.003 -16"><span class='ocrx_word' id='word_1_19' title='bbox 124 544 268 604; x_wconf 90' lang='lat' dir='ltr'><strong>iocineris</strong></span> <span class='ocrx_word' id='word_1_20' title='bbox 304 542 445 602; x_wconf 91' lang='lat' dir='ltr'><strong>duritiam</strong></span> <span class='ocrx_word' id='word_1_21' title='bbox 480 537 659 601; x_wconf 78' lang='lat' dir='ltr'><strong>habentibus</strong></span> <span class='ocrx_word' id='word_1_22' title='bbox 692 538 840 600; x_wconf 86' lang='lat' dir='ltr'><strong>diutinam</strong></span> <span class='ocrx_word' id='word_1_23' title='bbox 873 557 910 600; x_wconf 86' lang='grc'><strong>11</strong></span> <span class='ocrx_word' id='word_1_24' title='bbox 942 558 1022 620; x_wconf 88' lang='lat' dir='ltr'><strong>aqua</strong></span> <span class='ocrx_word' id='word_1_25' title='bbox 1051 540 1130 602; x_wconf 88' lang='lat' dir='ltr'><strong>mulsa</strong></span> 
     </span>
     <span class='ocr_line' id='line_1_5' title="bbox 125 626 1129 708; baseline -0.002 -16"><span class='ocrx_word' id='word_1_26' title='bbox 125 632 198 692; x_wconf 88' lang='lat' dir='ltr'><strong>satis</strong></span> <span class='ocrx_word' id='word_1_27' title='bbox 222 631 360 692; x_wconf 88' lang='lat' dir='ltr'><strong>convenit</strong></span> <span class='ocrx_word' id='word_1_28' title='bbox 382 647 438 689; x_wconf 89' lang='lat' dir='ltr'><strong>nec</strong></span> <span class='ocrx_word' id='word_1_29' title='bbox 461 630 560 688; x_wconf 91' lang='lat' dir='ltr'><strong>minus</strong></span> <span class='ocrx_word' id='word_1_30' title='bbox 583 626 768 708; x_wconf 79' lang='lat' dir='ltr'><strong>hydropicis,</strong></span> <span class='ocrx_word' id='word_1_31' title='bbox 793 626 907 708; x_wconf 90' lang='lat' dir='ltr'><strong>quibus</strong></span> <span class='ocrx_word' id='word_1_32' title='bbox 929 627 1021 690; x_wconf 89' lang='lat' dir='ltr'><strong>datur</strong></span> <span class='ocrx_word' id='word_1_33' title='bbox 1042 629 1129 690; x_wconf 91' lang='lat' dir='ltr'><strong>eadem</strong></span> 
     </span>
     <span class='ocr_line' id='line_1_6' title="bbox 89 714 1130 800; baseline -0.004 -17"><span class='ocrx_word' id='word_1_34' title='bbox 89 722 254 800; x_wconf 71' lang='lat' dir='ltr'><strong>oratione,</strong></span> <span class='ocrx_word' id='word_1_35' title='bbox 287 718 339 779; x_wconf 88' lang='lat' dir='ltr'><strong>sed</strong></span> <span class='ocrx_word' id='word_1_36' title='bbox 371 716 419 777; x_wconf 92' lang='grc'><strong>1111</strong></span> <span class='ocrx_word' id='word_1_37' title='bbox 453 734 508 795; x_wconf 87' lang='lat' dir='ltr'><strong>per</strong></span> <span class='ocrx_word' id='word_1_38' title='bbox 540 714 699 795; x_wconf 84' lang='lat' dir='ltr'><strong>conplures</strong></span> <span class='ocrx_word' id='word_1_39' title='bbox 731 715 797 777; x_wconf 90' lang='lat' dir='ltr'><strong>dies</strong></span> <span class='ocrx_word' id='word_1_40' title='bbox 827 716 983 796; x_wconf 80' lang='lat' dir='ltr'><strong>oportebit</strong></span> <span class='ocrx_word' id='word_1_41' title='bbox 1012 720 1130 799; x_wconf 86' lang='lat' dir='ltr'><strong>ptisanae</strong></span> 
     </span>
    </p>

    <p class='ocr_par' dir='ltr' id='par_1_3' title="bbox 68 803 1136 3183">
     <span class='ocr_line' id='line_1_7' title="bbox 126 803 701 884; baseline -0.007 -15"><span class='ocrx_word' id='word_1_42' title='bbox 126 825 290 869; x_wconf 89' lang='lat' dir='ltr'><strong>cremorem</strong></span> <span class='ocrx_word' id='word_1_43' title='bbox 316 808 380 866; x_wconf 91' lang='lat' dir='ltr'><strong>sine</strong></span> <span class='ocrx_word' id='word_1_44' title='bbox 403 805 463 866; x_wconf 92' lang='lat' dir='ltr'><strong>ullo</strong></span> <span class='ocrx_word' id='word_1_45' title='bbox 487 804 603 884; x_wconf 86' lang='lat' dir='ltr'><strong>liquore</strong></span> <span class='ocrx_word' id='word_1_46' title='bbox 627 803 701 865; x_wconf 88' lang='lat' dir='ltr'><strong>dari.</strong></span> 
     </span>
     <span class='ocr_line' id='line_1_8' title="bbox 214 891 1129 973; baseline 0.001 -18"><span class='ocrx_word' id='word_1_47' title='bbox 214 894 283 956; x_wconf 82' lang='lat' dir='ltr'><strong>cvl.</strong></span> <span class='ocrx_word' id='word_1_48' title='bbox 315 893 441 954; x_wconf 91' lang='lat' dir='ltr'><strong>Prodest</strong></span> <span class='ocrx_word' id='word_1_49' title='bbox 459 894 625 973; x_wconf 86' lang='lat' dir='ltr'><strong>conpositio</strong></span> <span class='ocrx_word' id='word_1_50' title='bbox 639 891 713 953; x_wconf 91' lang='lat' dir='ltr'><strong>haec</strong></span> <span class='ocrx_word' id='word_1_51' title='bbox 727 899 759 953; x_wconf 87' lang='lat' dir='ltr'><strong>et</strong></span> <span class='ocrx_word' id='word_1_52' title='bbox 776 892 843 954; x_wconf 94' lang='lat' dir='ltr'><strong>colo</strong></span> <span class='ocrx_word' id='word_1_53' title='bbox 862 892 968 955; x_wconf 88' lang='lat' dir='ltr'><strong>inflato</strong></span> <span class='ocrx_word' id='word_1_54' title='bbox 988 903 1019 955; x_wconf 89' lang='lat' dir='ltr'><strong>et</strong></span> <span class='ocrx_word' id='word_1_55' title='bbox 1037 897 1129 956; x_wconf 86' lang='lat' dir='ltr'><strong>ceteris</strong></span> 
     </span>
     <span class='ocr_line' id='line_1_9' title="bbox 124 980 1129 1060; baseline 0 -17"><span class='ocrx_word' id='word_1_56' title='bbox 124 984 283 1043; x_wconf 87' lang='lat' dir='ltr'><strong>intestinis.</strong></span> <span class='ocrx_word' id='word_1_57' title='bbox 325 981 455 1042; x_wconf 89' lang='lat' dir='ltr'><strong>Futuras</strong></span> <span class='ocrx_word' id='word_1_58' title='bbox 479 999 599 1060; x_wconf 88' lang='lat' dir='ltr'><strong>quoque</strong></span> <span class='ocrx_word' id='word_1_59' title='bbox 617 980 664 1041; x_wconf 88' lang='lat' dir='ltr'><strong>vel</strong></span> <span class='ocrx_word' id='word_1_60' title='bbox 686 983 746 1042; x_wconf 91' lang='lat' dir='ltr'><strong>iam</strong></span> <span class='ocrx_word' id='word_1_61' title='bbox 769 981 863 1042; x_wconf 88' lang='lat' dir='ltr'><strong>lactas</strong></span> <span class='ocrx_word' id='word_1_62' title='bbox 884 984 1018 1045; x_wconf 85' lang='lat' dir='ltr'><strong>vomicas</strong></span> <span class='ocrx_word' id='word_1_63' title='bbox 1039 983 1129 1045; x_wconf 90' lang='lat' dir='ltr'><strong>iisdem</strong></span> 
     </span>
     <span class='ocr_line' id='line_1_10' title="bbox 123 1068 1130 1151; baseline 0.003 -22"><span class='ocrx_word' id='word_1_64' title='bbox 123 1069 259 1150; x_wconf 89' lang='lat' dir='ltr'><strong>partibus</strong></span> <span class='ocrx_word' id='word_1_65' title='bbox 287 1077 339 1129; x_wconf 87' lang='lat' dir='ltr'><strong>aut</strong></span> <span class='ocrx_word' id='word_1_66' title='bbox 366 1069 490 1130; x_wconf 89' lang='lat' dir='ltr'><strong>discutit</strong></span> <span class='ocrx_word' id='word_1_67' title='bbox 518 1077 569 1130; x_wconf 91' lang='lat' dir='ltr'><strong>aut</strong></span> <span class='ocrx_word' id='word_1_68' title='bbox 592 1068 722 1130; x_wconf 88' lang='lat' dir='ltr'><strong>celerius</strong></span> <span class='ocrx_word' id='word_1_69' title='bbox 750 1071 860 1151; x_wconf 87' lang='lat' dir='ltr'><strong>aperit;</strong></span> <span class='ocrx_word' id='word_1_70' title='bbox 888 1072 964 1132; x_wconf 88' lang='lat' dir='ltr'><strong>item</strong></span> <span class='ocrx_word' id='word_1_71' title='bbox 993 1081 1130 1134; x_wconf 81' lang='lat' dir='ltr'><strong>menstrua</strong></span> 
     </span>
     <span class='ocr_line' id='line_1_11' title="bbox 71 1156 1129 1240; baseline 0.001 -21"><span class='ocrx_word' id='word_1_72' title='bbox 71 1176 105 1225; x_wconf 81' lang='lat' dir='ltr'><strong>to</strong></span> <span class='ocrx_word' id='word_1_73' title='bbox 122 1165 222 1219; x_wconf 92' lang='lat' dir='ltr'><strong>movet</strong></span> <span class='ocrx_word' id='word_1_74' title='bbox 254 1156 444 1240; x_wconf 88' lang='lat' dir='ltr'><strong>mulieribus,</strong></span> <span class='ocrx_word' id='word_1_75' title='bbox 477 1175 553 1237; x_wconf 89' lang='lat' dir='ltr'><strong>quae</strong></span> <span class='ocrx_word' id='word_1_76' title='bbox 586 1157 747 1219; x_wconf 83' lang='lat' dir='ltr'><strong>difficulter</strong></span> <span class='ocrx_word' id='word_1_77' title='bbox 778 1167 958 1237; x_wconf 81' lang='lat' dir='ltr'><strong>purgantur.</strong></span> <span class='ocrx_word' id='word_1_78' title='bbox 1011 1160 1129 1222; x_wconf 85' lang='lat' dir='ltr'><strong>Dandum</strong></span> 
     </span>
     <span class='ocr_line' id='line_1_12' title="bbox 123 1246 1130 1329; baseline 0 -21"><span class='ocrx_word' id='word_1_79' title='bbox 123 1255 223 1308; x_wconf 91' lang='lat' dir='ltr'><strong>autem</strong></span> <span class='ocrx_word' id='word_1_80' title='bbox 247 1248 304 1307; x_wconf 89' lang='lat' dir='ltr'><strong>erit</strong></span> <span class='ocrx_word' id='word_1_81' title='bbox 326 1246 432 1307; x_wconf 86' lang='grc'><strong>1111111</strong></span> <span class='ocrx_word' id='word_1_82' title='bbox 455 1264 531 1326; x_wconf 90' lang='lat' dir='ltr'><strong>aqua</strong></span> <span class='ocrx_word' id='word_1_83' title='bbox 553 1246 812 1325; x_wconf 87' lang='lat' dir='ltr'><strong>medicamentum,</strong></span> <span class='ocrx_word' id='word_1_84' title='bbox 834 1249 866 1307; x_wconf 91' lang='lat' dir='ltr'><strong>in</strong></span> <span class='ocrx_word' id='word_1_85' title='bbox 887 1265 947 1327; x_wconf 89' lang='lat' dir='ltr'><strong>qua</strong></span> <span class='ocrx_word' id='word_1_86' title='bbox 967 1248 1130 1329; x_wconf 85' lang='lat' dir='ltr'><strong>decoquitur</strong></span> 
     </span>
     <span class='ocr_line' id='line_1_13' title="bbox 123 1334 1129 1416; baseline 0 -20"><span class='ocrx_word' id='word_1_87' title='bbox 123 1335 229 1416; x_wconf 89' lang='lat' dir='ltr'><strong>herba,</strong></span> <span class='ocrx_word' id='word_1_88' title='bbox 258 1353 334 1415; x_wconf 87' lang='lat' dir='ltr'><strong>quae</strong></span> <span class='ocrx_word' id='word_1_89' title='bbox 362 1337 512 1396; x_wconf 89' lang='lat' dir='ltr'><strong>artemisia</strong></span> <span class='ocrx_word' id='word_1_90' title='bbox 538 1334 648 1396; x_wconf 94' lang='lat' dir='ltr'><strong>dicitur</strong></span> <span class='ocrx_word' id='word_1_91' title='bbox 671 1343 722 1396; x_wconf 92' lang='lat' dir='ltr'><strong>aut</strong></span> <span class='ocrx_word' id='word_1_92' title='bbox 745 1353 834 1413; x_wconf 83' lang='lat' dir='ltr'><strong>quam</strong></span> <span class='ocrx_word' id='word_1_93' title='bbox 857 1335 1024 1415; x_wconf 78' lang='grc' dir='ltr'><strong><em>δίκταμνον</em></strong></span> <span class='ocrx_word' id='word_1_94' title='bbox 1046 1336 1129 1416; x_wconf 92' lang='lat' dir='ltr'><strong>appel·</strong></span> 
     </span>
     <span class='ocr_line' id='line_1_14' title="bbox 123 1423 1131 1504; baseline 0.002 -19"><span class='ocrx_word' id='word_1_95' title='bbox 123 1425 194 1486; x_wconf 92' lang='lat' dir='ltr'><strong>lant.</strong></span> <span class='ocrx_word' id='word_1_96' title='bbox 230 1423 327 1485; x_wconf 89' lang='lat' dir='ltr'><strong>Etiam</strong></span> <span class='ocrx_word' id='word_1_97' title='bbox 346 1424 383 1486; x_wconf 93' lang='lat' dir='ltr'><strong>ad</strong></span> <span class='ocrx_word' id='word_1_98' title='bbox 404 1423 527 1503; x_wconf 90' lang='lat' dir='ltr'><strong>papulas</strong></span> <span class='ocrx_word' id='word_1_99' title='bbox 546 1431 576 1484; x_wconf 96' lang='lat' dir='ltr'><strong>et</strong></span> <span class='ocrx_word' id='word_1_100' title='bbox 599 1441 718 1484; x_wconf 91' lang='lat' dir='ltr'><strong>sacrum</strong></span> <span class='ocrx_word' id='word_1_101' title='bbox 740 1424 840 1501; x_wconf 81' lang='lat' dir='ltr'><strong>ignem</strong></span> <span class='ocrx_word' id='word_1_102' title='bbox 860 1423 907 1484; x_wconf 88' lang='lat' dir='ltr'><strong>vel</strong></span> <span class='ocrx_word' id='word_1_103' title='bbox 926 1442 1019 1504; x_wconf 89' lang='lat' dir='ltr'><strong>quam</strong></span> <span class='ocrx_word' id='word_1_104' title='bbox 1041 1443 1131 1487; x_wconf 87' lang='lat' dir='ltr'><strong>zonam</strong></span> 
     </span>
     <span class='ocr_line' id='line_1_15' title="bbox 123 1511 1131 1594; baseline 0 -20"><span class='ocrx_word' id='word_1_105' title='bbox 123 1520 230 1575; x_wconf 81' lang='lat' dir='ltr'><strong>vocant</strong></span> <span class='ocrx_word' id='word_1_106' title='bbox 253 1512 330 1573; x_wconf 88' lang='lat' dir='ltr'><strong>bene</strong></span> <span class='ocrx_word' id='word_1_107' title='bbox 353 1514 425 1573; x_wconf 86' lang='lat' dir='ltr'><strong>facit</strong></span> <span class='ocrx_word' id='word_1_108' title='bbox 448 1531 484 1572; x_wconf 85' lang='lat' dir='ltr'><strong>ex</strong></span> <span class='ocrx_word' id='word_1_109' title='bbox 507 1529 583 1591; x_wconf 92' lang='lat' dir='ltr'><strong>aqua</strong></span> <span class='ocrx_word' id='word_1_110' title='bbox 606 1511 701 1572; x_wconf 87' lang='lat' dir='ltr'><strong>mulsa</strong></span> <span class='ocrx_word' id='word_1_111' title='bbox 724 1511 859 1573; x_wconf 91' lang='lat' dir='ltr'><strong>detracto</strong></span> <span class='ocrx_word' id='word_1_112' title='bbox 878 1515 965 1591; x_wconf 93' lang='lat' dir='ltr'><strong>prius</strong></span> <span class='ocrx_word' id='word_1_113' title='bbox 990 1516 1131 1594; x_wconf 80' lang='lat' dir='ltr'><strong>sanguine,</strong></span> 
     </span>
     <span class='ocr_line' id='line_1_16' title="bbox 71 1599 1131 1682; baseline 0 -19"><span class='ocrx_word' id='word_1_114' title='bbox 71 1604 151 1669; x_wconf 83' lang='grc'><strong>1111</strong></span> <span class='ocrx_word' id='word_1_115' title='bbox 174 1619 223 1662; x_wconf 84' lang='grc'><strong>111</strong></span> <span class='ocrx_word' id='word_1_116' title='bbox 246 1601 450 1682; x_wconf 82' lang='lat' dir='ltr'><strong>postulaverit,</strong></span> <span class='ocrx_word' id='word_1_117' title='bbox 472 1610 507 1662; x_wconf 94' lang='lat' dir='ltr'><strong>ut</strong></span> <span class='ocrx_word' id='word_1_118' title='bbox 529 1607 560 1661; x_wconf 91' lang='lat' dir='ltr'><strong>et</strong></span> <span class='ocrx_word' id='word_1_119' title='bbox 582 1601 613 1660; x_wconf 93' lang='lat' dir='ltr'><strong>in</strong></span> <span class='ocrx_word' id='word_1_120' title='bbox 637 1599 702 1660; x_wconf 88' lang='lat' dir='ltr'><strong>aliis</strong></span> <span class='ocrx_word' id='word_1_121' title='bbox 725 1599 865 1661; x_wconf 92' lang='lat' dir='ltr'><strong>omnibus</strong></span> <span class='ocrx_word' id='word_1_122' title='bbox 888 1604 1033 1680; x_wconf 89' lang='lat' dir='ltr'><strong>superius</strong></span> <span class='ocrx_word' id='word_1_123' title='bbox 1055 1603 1131 1666; x_wconf 88' lang='lat' dir='ltr'><strong>dictis</strong></span> 
     </span>
     <span class='ocr_line' id='line_1_17' title="bbox 125 1688 1132 1774; baseline 0 -24"><span class='ocrx_word' id='word_1_124' title='bbox 125 1690 294 1752; x_wconf 88' lang='lat' dir='ltr'><strong>laciendum</strong></span> <span class='ocrx_word' id='word_1_125' title='bbox 318 1698 371 1751; x_wconf 88' lang='lat' dir='ltr'><strong>est.</strong></span> <span class='ocrx_word' id='word_1_126' title='bbox 409 1688 513 1750; x_wconf 89' lang='lat' dir='ltr'><strong>Omnia</strong></span> <span class='ocrx_word' id='word_1_127' title='bbox 533 1690 613 1749; x_wconf 91' lang='lat' dir='ltr'><strong>enim</strong></span> <span class='ocrx_word' id='word_1_128' title='bbox 636 1688 744 1749; x_wconf 84' lang='lat' dir='ltr'><strong>auxilia</strong></span> <span class='ocrx_word' id='word_1_129' title='bbox 767 1688 936 1750; x_wconf 90' lang='lat' dir='ltr'><strong>adhibenda</strong></span> <span class='ocrx_word' id='word_1_130' title='bbox 958 1700 1046 1774; x_wconf 88' lang='lat' dir='ltr'><strong>sunt,</strong></span> <span class='ocrx_word' id='word_1_131' title='bbox 1067 1707 1132 1770; x_wconf 86' lang='lat' dir='ltr'><strong>quae</strong></span> 
     </span>
     <span class='ocr_line' id='line_1_18' title="bbox 124 1776 1133 1858; baseline 0.001 -19"><span class='ocrx_word' id='word_1_132' title='bbox 124 1798 160 1839; x_wconf 90' lang='lat' dir='ltr'><strong>ex</strong></span> <span class='ocrx_word' id='word_1_133' title='bbox 180 1797 236 1840; x_wconf 92' lang='lat' dir='ltr'><strong>usu</strong></span> <span class='ocrx_word' id='word_1_134' title='bbox 256 1778 399 1857; x_wconf 87' lang='lat' dir='ltr'><strong>prodesse</strong></span> <span class='ocrx_word' id='word_1_135' title='bbox 417 1779 459 1838; x_wconf 89' lang='grc'><strong>111</strong></span> <span class='ocrx_word' id='word_1_136' title='bbox 474 1784 625 1856; x_wconf 87' lang='lat' dir='ltr'><strong>comperta</strong></span> <span class='ocrx_word' id='word_1_137' title='bbox 643 1776 797 1858; x_wconf 89' lang='lat' dir='ltr'><strong>habemus,</strong></span> <span class='ocrx_word' id='word_1_138' title='bbox 816 1780 885 1857; x_wconf 90' lang='lat' dir='ltr'><strong>quia</strong></span> <span class='ocrx_word' id='word_1_139' title='bbox 904 1778 1025 1840; x_wconf 87' lang='lat' dir='ltr'><strong>facilius</strong></span> <span class='ocrx_word' id='word_1_140' title='bbox 1043 1780 1133 1841; x_wconf 85' lang='lat' dir='ltr'><strong>adiuta</strong></span> 
     </span>
     <span class='ocr_line' id='line_1_19' title="bbox 123 1864 1133 1947; baseline 0.002 -21"><span class='ocrx_word' id='word_1_141' title='bbox 123 1866 272 1926; x_wconf 92' lang='lat' dir='ltr'><strong>antidotos</strong></span> <span class='ocrx_word' id='word_1_142' title='bbox 300 1865 452 1926; x_wconf 80' lang='lat' dir='ltr'><strong>adiuvabit</strong></span> <span class='ocrx_word' id='word_1_143' title='bbox 479 1872 510 1924; x_wconf 87' lang='lat' dir='ltr'><strong>et</strong></span> <span class='ocrx_word' id='word_1_144' title='bbox 538 1865 661 1925; x_wconf 82' lang='lat' dir='ltr'><strong>effectus</strong></span> <span class='ocrx_word' id='word_1_145' title='bbox 685 1864 846 1927; x_wconf 83' lang='lat' dir='ltr'><strong>exhibebit.</strong></span> <span class='ocrx_word' id='word_1_146' title='bbox 893 1865 1017 1947; x_wconf 86' lang='lat' dir='ltr'><strong>Recipit</strong></span> <span class='ocrx_word' id='word_1_147' title='bbox 1043 1878 1133 1930; x_wconf 90' lang='lat' dir='ltr'><strong>autem</strong></span> 
     </span>
     <span class='ocr_line' id='line_1_20' title="bbox 122 1952 1134 2034; baseline 0.004 -21"><span class='ocrx_word' id='word_1_148' title='bbox 122 1953 209 2014; x_wconf 87' lang='lat' dir='ltr'><strong>haec:</strong></span> <span class='ocrx_word' id='word_1_149' title='bbox 233 1952 424 2033; x_wconf 90' lang='lat' dir='ltr'><strong>Stoechados,</strong></span> <span class='ocrx_word' id='word_1_150' title='bbox 444 1953 602 2034; x_wconf 91' lang='lat' dir='ltr'><strong>marrubii,</strong></span> <span class='ocrx_word' id='word_1_151' title='bbox 620 1954 810 2034; x_wconf 79' lang='grc' dir='ltr'><strong><em>χαμαίδρυος,</em></strong></span> <span class='ocrx_word' id='word_1_152' title='bbox 830 1972 907 2034; x_wconf 90' lang='lat' dir='ltr'><strong>quae</strong></span> <span class='ocrx_word' id='word_1_153' title='bbox 921 1955 1016 2017; x_wconf 92' lang='lat' dir='ltr'><strong>herba</strong></span> <span class='ocrx_word' id='word_1_154' title='bbox 1035 1955 1134 2018; x_wconf 83' lang='lat' dir='ltr'><strong>similia</strong></span> 
     </span>
     <span class='ocr_line' id='line_1_21' title="bbox 69 2041 1134 2127; baseline 0.003 -24"><span class='ocrx_word' id='word_1_155' title='bbox 69 2061 103 2110; x_wconf 78' lang='lat' dir='ltr'><strong>oo</strong></span> <span class='ocrx_word' id='word_1_156' title='bbox 123 2060 252 2121; x_wconf 88' lang='lat' dir='ltr'><strong>quercus</strong></span> <span class='ocrx_word' id='word_1_157' title='bbox 276 2042 344 2103; x_wconf 87' lang='lat' dir='ltr'><strong>lolia</strong></span> <span class='ocrx_word' id='word_1_158' title='bbox 368 2041 470 2117; x_wconf 89' lang='lat' dir='ltr'><strong>hahet,</strong></span> <span class='ocrx_word' id='word_1_159' title='bbox 493 2043 618 2123; x_wconf 86' lang='lat' dir='ltr'><strong>agarici,</strong></span> <span class='ocrx_word' id='word_1_160' title='bbox 641 2043 847 2103; x_wconf 89' lang='lat' dir='ltr'><strong>cucurbitulae</strong></span> <span class='ocrx_word' id='word_1_161' title='bbox 871 2043 1030 2127; x_wconf 85' lang='lat' dir='ltr'><strong>silvestris,</strong></span> <span class='ocrx_word' id='word_1_162' title='bbox 1053 2063 1134 2125; x_wconf 90' lang='lat' dir='ltr'><strong>quam</strong></span> 
     </span>
     <span class='ocr_line' id='line_1_22' title="bbox 122 2129 1135 2215; baseline 0.004 -23"><span class='ocrx_word' id='word_1_163' title='bbox 122 2129 327 2194; x_wconf 82' lang='grc' dir='ltr'><strong><em>κολοκυνθίδα</em></strong></span> <span class='ocrx_word' id='word_1_164' title='bbox 359 2131 519 2212; x_wconf 88' lang='lat' dir='ltr'><strong>appellant,</strong></span> <span class='ocrx_word' id='word_1_165' title='bbox 552 2130 738 2210; x_wconf 87' lang='lat' dir='ltr'><strong>singulorum</strong></span> <span class='ocrx_word' id='word_1_166' title='bbox 770 2130 848 2210; x_wconf 84' lang='lat' dir='ltr'><strong>pli</strong></span> <span class='ocrx_word' id='word_1_167' title='bbox 878 2131 917 2214; x_wconf 91' lang='lat' dir='ltr'><strong>X,</strong></span> <span class='ocrx_word' id='word_1_168' title='bbox 951 2135 1135 2215; x_wconf 86' lang='lat' dir='ltr'><strong>opopanacis,</strong></span> 
     </span>
     <span class='ocr_line' id='line_1_23' title="bbox 124 2219 1136 2303; baseline 0.002 -21"><span class='ocrx_word' id='word_1_169' title='bbox 124 2223 277 2303; x_wconf 81' lang='lat' dir='ltr'><strong>sagapeni,</strong></span> <span class='ocrx_word' id='word_1_170' title='bbox 299 2221 486 2302; x_wconf 88' lang='lat' dir='ltr'><strong>petroselini,</strong></span> <span class='ocrx_word' id='word_1_171' title='bbox 505 2228 604 2281; x_wconf 89' lang='lat' dir='ltr'><strong>terrae</strong></span> <span class='ocrx_word' id='word_1_172' title='bbox 623 2219 705 2300; x_wconf 89' lang='lat' dir='ltr'><strong>mali,</strong></span> <span class='ocrx_word' id='word_1_173' title='bbox 727 2221 840 2300; x_wconf 90' lang='lat' dir='ltr'><strong>piperis</strong></span> <span class='ocrx_word' id='word_1_174' title='bbox 860 2219 933 2303; x_wconf 93' lang='lat' dir='ltr'><strong>albi,</strong></span> <span class='ocrx_word' id='word_1_175' title='bbox 952 2222 1136 2301; x_wconf 85' lang='lat' dir='ltr'><strong>singulorum</strong></span> 
     </span>
     <span class='ocr_line' id='line_1_24' title="bbox 122 2308 1136 2392; baseline 0.003 -22"><span class='ocrx_word' id='word_1_176' title='bbox 122 2310 191 2390; x_wconf 77' lang='lat' dir='ltr'><strong>pli</strong></span> <span class='ocrx_word' id='word_1_177' title='bbox 211 2310 242 2392; x_wconf 93' lang='lat' dir='ltr'><strong>V,</strong></span> <span class='ocrx_word' id='word_1_178' title='bbox 267 2313 409 2392; x_wconf 90' lang='lat' dir='ltr'><strong>cinnami,</strong></span> <span class='ocrx_word' id='word_1_179' title='bbox 433 2310 518 2371; x_wconf 90' lang='lat' dir='ltr'><strong>nardi</strong></span> <span class='ocrx_word' id='word_1_180' title='bbox 537 2312 645 2390; x_wconf 90' lang='lat' dir='ltr'><strong>spicae,</strong></span> <span class='ocrx_word' id='word_1_181' title='bbox 668 2326 796 2389; x_wconf 90' lang='lat' dir='ltr'><strong>murrae,</strong></span> <span class='ocrx_word' id='word_1_182' title='bbox 819 2308 896 2390; x_wconf 87' lang='lat' dir='ltr'><strong>lolii,</strong></span> <span class='ocrx_word' id='word_1_183' title='bbox 920 2313 1018 2392; x_wconf 91' lang='lat' dir='ltr'><strong>croci,</strong></span> <span class='ocrx_word' id='word_1_184' title='bbox 1042 2315 1136 2392; x_wconf 80' lang='lat' dir='ltr'><strong>singu·</strong></span> 
     </span>
     <span class='ocr_line' id='line_1_25' title="bbox 122 2397 1135 2478; baseline 0.003 -21"><span class='ocrx_word' id='word_1_185' title='bbox 122 2399 220 2458; x_wconf 91' lang='lat' dir='ltr'><strong>lorum</strong></span> <span class='ocrx_word' id='word_1_186' title='bbox 243 2419 270 2478; x_wconf 94' lang='lat' dir='ltr'><strong>p.</strong></span> <span class='ocrx_word' id='word_1_187' title='bbox 291 2399 315 2459; x_wconf 85' lang='lat' dir='ltr'><strong>ll</strong></span> <span class='ocrx_word' id='word_1_188' title='bbox 340 2400 401 2460; x_wconf 91' lang='lat' dir='ltr'><strong>llll.</strong></span> <span class='ocrx_word' id='word_1_189' title='bbox 443 2399 476 2458; x_wconf 96' lang='lat' dir='ltr'><strong>ln</strong></span> <span class='ocrx_word' id='word_1_190' title='bbox 500 2416 593 2458; x_wconf 89' lang='lat' dir='ltr'><strong>unum</strong></span> <span class='ocrx_word' id='word_1_191' title='bbox 613 2400 710 2458; x_wconf 91' lang='lat' dir='ltr'><strong>omnia</strong></span> <span class='ocrx_word' id='word_1_192' title='bbox 729 2397 891 2478; x_wconf 90' lang='lat' dir='ltr'><strong>ponderata</strong></span> <span class='ocrx_word' id='word_1_193' title='bbox 910 2399 1135 2463; x_wconf 90' lang='lat' dir='ltr'><strong>contunduntur</strong></span> 
     </span>
     <span class='ocr_line' id='line_1_26' title="bbox 69 2485 1135 2566; baseline 0.008 -24"><span class='ocrx_word' id='word_1_194' title='bbox 69 2501 102 2549; x_wconf 79' lang='lat'><strong>25</strong></span> <span class='ocrx_word' id='word_1_195' title='bbox 122 2493 153 2543; x_wconf 89' lang='lat' dir='ltr'><strong>et</strong></span> <span class='ocrx_word' id='word_1_196' title='bbox 185 2485 369 2566; x_wconf 86' lang='lat' dir='ltr'><strong>cribrantur,</strong></span> <span class='ocrx_word' id='word_1_197' title='bbox 400 2492 520 2565; x_wconf 91' lang='lat' dir='ltr'><strong>praeter</strong></span> <span class='ocrx_word' id='word_1_198' title='bbox 548 2503 747 2563; x_wconf 90' lang='lat' dir='ltr'><strong>opopanacem</strong></span> <span class='ocrx_word' id='word_1_199' title='bbox 777 2494 806 2547; x_wconf 89' lang='lat' dir='ltr'><strong>et</strong></span> <span class='ocrx_word' id='word_1_200' title='bbox 838 2503 1035 2566; x_wconf 83' lang='lat' dir='ltr'><strong>sagapenum:</strong></span> <span class='ocrx_word' id='word_1_201' title='bbox 1066 2489 1135 2550; x_wconf 87' lang='lat' dir='ltr'><strong>haec</strong></span> 
     </span>
     <span class='ocr_line' id='line_1_27' title="bbox 122 2571 1135 2658; baseline 0.01 -29"><span class='ocrx_word' id='word_1_202' title='bbox 122 2572 201 2630; x_wconf 92' lang='lat' dir='ltr'><strong>enim</strong></span> <span class='ocrx_word' id='word_1_203' title='bbox 224 2576 367 2634; x_wconf 91' lang='lat' dir='ltr'><strong>mortario</strong></span> <span class='ocrx_word' id='word_1_204' title='bbox 390 2580 530 2633; x_wconf 89' lang='lat' dir='ltr'><strong>teruntur</strong></span> <span class='ocrx_word' id='word_1_205' title='bbox 554 2571 669 2632; x_wconf 90' lang='lat' dir='ltr'><strong>adiecto</strong></span> <span class='ocrx_word' id='word_1_206' title='bbox 693 2573 780 2635; x_wconf 92' lang='lat' dir='ltr'><strong>melle</strong></span> <span class='ocrx_word' id='word_1_207' title='bbox 804 2577 900 2656; x_wconf 87' lang='lat' dir='ltr'><strong>tenui,</strong></span> <span class='ocrx_word' id='word_1_208' title='bbox 923 2576 955 2636; x_wconf 93' lang='lat' dir='ltr'><strong>id</strong></span> <span class='ocrx_word' id='word_1_209' title='bbox 979 2586 1028 2639; x_wconf 91' lang='lat' dir='ltr'><strong>est</strong></span> <span class='ocrx_word' id='word_1_210' title='bbox 1051 2594 1135 2658; x_wconf 76' lang='grc'><strong>111111</strong></span> 
     </span>
     <span class='ocr_line' id='line_1_28' title="bbox 120 2658 1135 2745; baseline 0.007 -27"><span class='ocrx_word' id='word_1_211' title='bbox 120 2658 331 2740; x_wconf 74' lang='lat' dir='ltr'><strong>liquidissimo,</strong></span> <span class='ocrx_word' id='word_1_212' title='bbox 359 2659 467 2720; x_wconf 91' lang='lat' dir='ltr'><strong>deinde</strong></span> <span class='ocrx_word' id='word_1_213' title='bbox 490 2661 599 2719; x_wconf 87' lang='lat' dir='ltr'><strong>ceteris</strong></span> <span class='ocrx_word' id='word_1_214' title='bbox 622 2662 797 2737; x_wconf 90' lang='lat' dir='ltr'><strong>miscentur,</strong></span> <span class='ocrx_word' id='word_1_215' title='bbox 822 2681 897 2743; x_wconf 87' lang='lat' dir='ltr'><strong>quae</strong></span> <span class='ocrx_word' id='word_1_216' title='bbox 921 2667 1042 2745; x_wconf 87' lang='lat' dir='ltr'><strong>etipsa</strong></span> <span class='ocrx_word' id='word_1_217' title='bbox 1065 2667 1135 2727; x_wconf 90' lang='lat' dir='ltr'><strong>reci·</strong></span> 
     </span>
     <span class='ocr_line' id='line_1_29' title="bbox 120 2746 1134 2830; baseline 0.006 -22"><span class='ocrx_word' id='word_1_218' title='bbox 120 2766 193 2828; x_wconf 88' lang='lat' dir='ltr'><strong>pere</strong></span> <span class='ocrx_word' id='word_1_219' title='bbox 220 2747 331 2809; x_wconf 90' lang='lat' dir='ltr'><strong>debent</strong></span> <span class='ocrx_word' id='word_1_220' title='bbox 357 2754 473 2808; x_wconf 91' lang='lat' dir='ltr'><strong>tantum</strong></span> <span class='ocrx_word' id='word_1_221' title='bbox 501 2746 611 2830; x_wconf 92' lang='lat' dir='ltr'><strong>mellis,</strong></span> <span class='ocrx_word' id='word_1_222' title='bbox 639 2758 784 2829; x_wconf 88' lang='lat' dir='ltr'><strong>quantum</strong></span> <span class='ocrx_word' id='word_1_223' title='bbox 812 2754 884 2812; x_wconf 92' lang='lat' dir='ltr'><strong>satis</strong></span> <span class='ocrx_word' id='word_1_224' title='bbox 913 2754 973 2814; x_wconf 89' lang='lat' dir='ltr'><strong>erit</strong></span> <span class='ocrx_word' id='word_1_225' title='bbox 1003 2753 1042 2815; x_wconf 93' lang='lat' dir='ltr'><strong>ad</strong></span> <span class='ocrx_word' id='word_1_226' title='bbox 1069 2771 1134 2816; x_wconf 92' lang='lat' dir='ltr'><strong>con·</strong></span> 
     </span>
     <span class='ocr_line' id='line_1_30' title="bbox 120 2836 1135 2918; baseline 0.006 -20"><span class='ocrx_word' id='word_1_227' title='bbox 120 2836 332 2916; x_wconf 89' lang='lat' dir='ltr'><strong>prehendenda</strong></span> <span class='ocrx_word' id='word_1_228' title='bbox 355 2845 385 2898; x_wconf 91' lang='lat' dir='ltr'><strong>et</strong></span> <span class='ocrx_word' id='word_1_229' title='bbox 409 2837 588 2897; x_wconf 89' lang='lat' dir='ltr'><strong>continenda</strong></span> <span class='ocrx_word' id='word_1_230' title='bbox 611 2856 654 2898; x_wconf 85' lang='lat' dir='ltr'><strong>ea.</strong></span> <span class='ocrx_word' id='word_1_231' title='bbox 695 2838 862 2918; x_wconf 87' lang='lat' dir='ltr'><strong>Reponitur</strong></span> <span class='ocrx_word' id='word_1_232' title='bbox 884 2841 1135 2904; x_wconf 88' lang='lat' dir='ltr'><strong>medicamentum</strong></span> 
     </span>
     <span class='ocr_line' id='line_1_31' title="bbox 68 2924 1135 3010; baseline 0.005 -25"><span class='ocrx_word' id='word_1_233' title='bbox 68 2944 192 2992; x_wconf 83' lang='grc'><strong>311110</strong></span> <span class='ocrx_word' id='word_1_234' title='bbox 216 2927 320 2986; x_wconf 90' lang='lat' dir='ltr'><strong>vitreo.</strong></span> <span class='ocrx_word' id='word_1_235' title='bbox 365 2924 466 3007; x_wconf 89' lang='lat' dir='ltr'><strong>Datur,</strong></span> <span class='ocrx_word' id='word_1_236' title='bbox 489 2933 524 2987; x_wconf 93' lang='lat' dir='ltr'><strong>ut</strong></span> <span class='ocrx_word' id='word_1_237' title='bbox 547 2944 637 3006; x_wconf 88' lang='lat' dir='ltr'><strong>supra</strong></span> <span class='ocrx_word' id='word_1_238' title='bbox 661 2927 803 3008; x_wconf 85' lang='lat' dir='ltr'><strong>diximus,</strong></span> <span class='ocrx_word' id='word_1_239' title='bbox 826 2928 862 2988; x_wconf 93' lang='lat' dir='ltr'><strong>ad</strong></span> <span class='ocrx_word' id='word_1_240' title='bbox 886 2931 1035 3010; x_wconf 81' lang='lat' dir='ltr'><strong>cuiusque</strong></span> <span class='ocrx_word' id='word_1_241' title='bbox 1059 2933 1135 2992; x_wconf 91' lang='lat' dir='ltr'><strong>vires</strong></span> 
     </span>
     <span class='ocr_line' id='line_1_32' title="bbox 123 3017 1134 3100; baseline 0.007 -26"><span class='ocrx_word' id='word_1_242' title='bbox 123 3023 153 3075; x_wconf 91' lang='lat' dir='ltr'><strong>et</strong></span> <span class='ocrx_word' id='word_1_243' title='bbox 176 3024 222 3075; x_wconf 92' lang='lat' dir='ltr'><strong>est</strong></span> <span class='ocrx_word' id='word_1_244' title='bbox 244 3032 370 3093; x_wconf 91' lang='lat' dir='ltr'><strong>prorsus</strong></span> <span class='ocrx_word' id='word_1_245' title='bbox 394 3032 525 3096; x_wconf 91' lang='lat' dir='ltr'><strong>sacrum,</strong></span> <span class='ocrx_word' id='word_1_246' title='bbox 550 3023 586 3075; x_wconf 93' lang='lat' dir='ltr'><strong>ut</strong></span> <span class='ocrx_word' id='word_1_247' title='bbox 608 3023 712 3077; x_wconf 93' lang='lat' dir='ltr'><strong>auctor</strong></span> <span class='ocrx_word' id='word_1_248' title='bbox 734 3017 823 3078; x_wconf 92' lang='lat' dir='ltr'><strong>huius</strong></span> <span class='ocrx_word' id='word_1_249' title='bbox 846 3018 977 3078; x_wconf 91' lang='lat' dir='ltr'><strong>nominis</strong></span> <span class='ocrx_word' id='word_1_250' title='bbox 1000 3019 1134 3100; x_wconf 90' lang='lat' dir='ltr'><strong>appellat</strong></span> 
     </span>
     <span class='ocr_line' id='line_1_33' title="bbox 210 3101 1136 3183; baseline 0.008 -21"><span class='ocrx_word' id='word_1_251' title='bbox 210 3101 292 3164; x_wconf 85' lang='lat' dir='ltr'><strong>CVII.</strong></span> <span class='ocrx_word' id='word_1_252' title='bbox 329 3102 497 3183; x_wconf 91' lang='lat' dir='ltr'><strong>Siquando</strong></span> <span class='ocrx_word' id='word_1_253' title='bbox 517 3111 616 3165; x_wconf 88' lang='lat' dir='ltr'><strong>autem</strong></span> <span class='ocrx_word' id='word_1_254' title='bbox 639 3105 807 3167; x_wconf 84' lang='lat' dir='ltr'><strong>efficaciore</strong></span> <span class='ocrx_word' id='word_1_255' title='bbox 830 3124 865 3166; x_wconf 93' lang='lat' dir='ltr'><strong>eo</strong></span> <span class='ocrx_word' id='word_1_256' title='bbox 884 3105 1070 3169; x_wconf 90' lang='lat' dir='ltr'><strong>voluerimus</strong></span> <span class='ocrx_word' id='word_1_257' title='bbox 1092 3107 1136 3169; x_wconf 91' lang='lat' dir='ltr'><strong>uti</strong></span> 
     </span>
    </p>
   </div>
   <div class='ocr_carea' id='block_1_3' title="bbox 119 3191 1135 3277">
    <p class='ocr_par' dir='ltr' id='par_1_4' title="bbox 119 3191 1135 3277">
     <span class='ocr_line' id='line_1_34' title="bbox 119 3191 1135 3277; baseline 0.008 -27"><span class='ocrx_word' id='word_1_258' title='bbox 119 3198 243 3269; x_wconf 90' lang='lat' dir='ltr'><strong>propter</strong></span> <span class='ocrx_word' id='word_1_259' title='bbox 263 3191 467 3253; x_wconf 85' lang='lat' dir='ltr'><strong>difficultatem</strong></span> <span class='ocrx_word' id='word_1_260' title='bbox 486 3193 651 3255; x_wconf 92' lang='lat' dir='ltr'><strong>naturalem</strong></span> <span class='ocrx_word' id='word_1_261' title='bbox 669 3196 810 3257; x_wconf 82' lang='lat' dir='ltr'><strong>vitiorum</strong></span> <span class='ocrx_word' id='word_1_262' title='bbox 829 3202 880 3255; x_wconf 93' lang='lat' dir='ltr'><strong>aut</strong></span> <span class='ocrx_word' id='word_1_263' title='bbox 898 3193 1135 3277; x_wconf 88' lang='lat' dir='ltr'><strong>diuturnitatem,</strong></span> 
     </span>
    </p>
   </div>
   <div class='ocr_carea' id='block_1_4' title="bbox 118 3345 1134 3629">
    <p class='ocr_par' dir='ltr' id='par_1_5' title="bbox 118 3345 1134 3629">
     <span class='ocr_line' id='line_1_35' title="bbox 120 3345 1134 3414; baseline 0.004 -15"><span class='ocrx_word' id='word_1_264' title='bbox 120 3359 142 3399; x_wconf 89' lang='grc'><strong>1.</strong></span> <span class='ocrx_word' id='word_1_265' title='bbox 158 3347 208 3397; x_wconf 87' lang='grc'><strong>108</strong></span> <span class='ocrx_word' id='word_1_266' title='bbox 227 3359 248 3399; x_wconf 86' lang='lat' dir='ltr'><strong>e.</strong></span> <span class='ocrx_word' id='word_1_267' title='bbox 267 3346 288 3412; x_wconf 84' lang='lat' dir='ltr'><strong>f.</strong></span> <span class='ocrx_word' id='word_1_268' title='bbox 357 3351 373 3399; x_wconf 83' lang='grc'><strong>3</strong></span> <span class='ocrx_word' id='word_1_269' title='bbox 391 3345 522 3401; x_wconf 84' lang='lat' dir='ltr'><strong>iocineris</strong></span> <span class='ocrx_word' id='word_1_270' title='bbox 542 3348 580 3401; x_wconf 88' lang='grc' dir='ltr'><em>Μ</em></span> <span class='ocrx_word' id='word_1_271' title='bbox 584 3369 591 3401; x_wconf 83' lang='lat'><em>=</em></span> <span class='ocrx_word' id='word_1_272' title='bbox 610 3346 772 3403; x_wconf 85' lang='lat' dir='ltr'><strong>iocinerosis</strong></span> <span class='ocrx_word' id='word_1_273' title='bbox 791 3347 831 3413; x_wconf 77' lang='lat' dir='ltr'><strong>R3</strong></span> <span class='ocrx_word' id='word_1_274' title='bbox 851 3348 986 3414; x_wconf 64' lang='grc'><strong>111189.</strong></span> <span class='ocrx_word' id='word_1_275' title='bbox 1053 3354 1086 3403; x_wconf 95' lang='grc'><strong>11</strong></span> <span class='ocrx_word' id='word_1_276' title='bbox 1105 3347 1134 3403; x_wconf 87' lang='lat' dir='ltr'><strong>iu</strong></span> 
     </span>
     <span class='ocr_line' id='line_1_36' title="bbox 120 3414 1131 3486; baseline 0.005 -18"><span class='ocrx_word' id='word_1_277' title='bbox 120 3429 176 3482; x_wconf 83' lang='lat' dir='ltr'><strong>qua</strong></span> <span class='ocrx_word' id='word_1_278' title='bbox 193 3414 240 3470; x_wconf 87' lang='lat' dir='ltr'><strong>M:</strong></span> <span class='ocrx_word' id='word_1_279' title='bbox 258 3415 289 3469; x_wconf 89' lang='lat' dir='ltr'><strong>in</strong></span> <span class='ocrx_word' id='word_1_280' title='bbox 306 3416 434 3484; x_wconf 72' lang='grc'><strong>1111111.</strong></span> <span class='ocrx_word' id='word_1_281' title='bbox 495 3423 527 3472; x_wconf 87' lang='lat' dir='ltr'><strong>1o</strong></span> <span class='ocrx_word' id='word_1_282' title='bbox 547 3418 698 3473; x_wconf 85' lang='lat' dir='ltr'><strong>Stoeeados</strong></span> <span class='ocrx_word' id='word_1_283' title='bbox 716 3416 753 3471; x_wconf 82' lang='grc'><strong>11.</strong></span> <span class='ocrx_word' id='word_1_284' title='bbox 816 3423 974 3486; x_wconf 76' lang='grc'><strong>1011111111</strong></span> <span class='ocrx_word' id='word_1_285' title='bbox 994 3419 1038 3475; x_wconf 88' lang='lat' dir='ltr'><strong>M.</strong></span> <span class='ocrx_word' id='word_1_286' title='bbox 1099 3422 1131 3473; x_wconf 80' lang='grc'><strong>11</strong></span> 
     </span>
     <span class='ocr_line' id='line_1_37' title="bbox 118 3486 1132 3558; baseline 0.004 -19"><span class='ocrx_word' id='word_1_287' title='bbox 118 3487 231 3553; x_wconf 82' lang='lat' dir='ltr'><strong>praeter</strong></span> <span class='ocrx_word' id='word_1_288' title='bbox 244 3486 290 3541; x_wconf 87' lang='lat' dir='ltr'><strong>M:</strong></span> <span class='ocrx_word' id='word_1_289' title='bbox 310 3490 458 3557; x_wconf 80' lang='lat' dir='ltr'><strong>praetereo</strong></span> <span class='ocrx_word' id='word_1_290' title='bbox 474 3488 511 3544; x_wconf 79' lang='grc'><strong>11.</strong></span> <span class='ocrx_word' id='word_1_291' title='bbox 576 3503 765 3558; x_wconf 83' lang='lat' dir='ltr'><strong>opopanacem</strong></span> <span class='ocrx_word' id='word_1_292' title='bbox 783 3486 830 3540; x_wconf 76' lang='lat' dir='ltr'><strong>M=</strong></span> <span class='ocrx_word' id='word_1_293' title='bbox 849 3503 1028 3558; x_wconf 75' lang='lat' dir='ltr'><strong>opopanaces</strong></span> <span class='ocrx_word' id='word_1_294' title='bbox 1043 3489 1085 3558; x_wconf 77' lang='lat' dir='ltr'><strong>R;</strong></span> <span class='ocrx_word' id='word_1_295' title='bbox 1104 3494 1132 3544; x_wconf 87' lang='lat' dir='ltr'><strong>ot</strong></span> 
     </span>
     <span class='ocr_line' id='line_1_38' title="bbox 119 3556 739 3629; baseline 0.005 -19"><span class='ocrx_word' id='word_1_296' title='bbox 119 3556 154 3623; x_wconf 82' lang='lat' dir='ltr'><strong>cf.</strong></span> <span class='ocrx_word' id='word_1_297' title='bbox 173 3572 194 3612; x_wconf 89' lang='lat' dir='ltr'><strong>c.</strong></span> <span class='ocrx_word' id='word_1_298' title='bbox 214 3561 275 3612; x_wconf 77' lang='lat'><strong>262.</strong></span> <span class='ocrx_word' id='word_1_299' title='bbox 349 3565 382 3612; x_wconf 81' lang='lat'><strong>31</strong></span> <span class='ocrx_word' id='word_1_300' title='bbox 402 3559 560 3629; x_wconf 79' lang='lat' dir='ltr'><strong>appellavit</strong></span> <span class='ocrx_word' id='word_1_301' title='bbox 577 3559 619 3613; x_wconf 87' lang='grc' dir='ltr'><strong>Μ.</strong></span> <span class='ocrx_word' id='word_1_302' title='bbox 735 3585 739 3591; x_wconf 89' lang='grc'><em>·</em></span> 
     </span>
    </p>
   </div>
   <div class='ocr_carea' id='block_1_5' title="bbox 0 0 1214 3922">
    <p class='ocr_par' dir='ltr' id='par_1_6' title="bbox 0 0 1214 3922">
     <span class='ocr_line' id='line_1_39' title="bbox 0 0 1214 3922; baseline 0 0"><span class='ocrx_word' id='word_1_303' title='bbox 0 0 1214 3922; x_wconf 95' lang='lat' dir='ltr'><strong> </strong></span> 
     </span>
    </p>
   </div>
  </div>
 </body>
</html>
