2430 3922
148 197 213 260 124
427 195 522 250 LVIII.
550 194 701 249 Francisco
719 193 876 249 Plantedio.

147 359 182 422 in
204 358 346 442 patriam
369 380 476 423 amore
500 379 687 442 prosequor.
732 357 797 421 frui
826 355 959 441 optimis
989 355 1106 421 studiis
1129 361 1163 422 et

148 469 262 531 capere
291 446 473 512 studiorum
499 447 680 511 uberrimos
708 447 833 510 fructus
860 446 906 509 ita
934 446 1046 532 cupio,
1073 450 1112 510 ut
1135 445 1162 509 si

148 535 330 600 communia
349 536 434 600 bona
454 540 568 600 essent.
606 537 652 600 sic
675 535 760 598 enim
785 535 875 598 decet
894 554 948 598 eos
967 533 1164 620 existimare,

149 647 286 708 quorum
309 624 433 689 animos
456 631 489 688 et
513 623 681 689 coniunxit
708 623 840 688 uirtutis
864 645 954 688 amor
977 628 1011 687 et
1033 623 1161 688 retinet.

121 713 238 780 sVale.
283 712 419 798 Romae,
441 711 528 778 VIII.
551 713 592 776 id.
616 711 681 776 lan.
705 711 884 777 MDLXVI.

549 900 763 907 ———-...

599 1046 712 1113 LVIII.

226 1189 435 1254 Francisco
462 1189 668 1255 Plantedio
695 1189 900 1275 Neapolim
928 1200 1018 1269 (VIII,
1036 1199 1091 1265 ιο).

239 1331 324 1397 Vere
348 1331 465 1416 dicam,
488 1332 650 1415 Plantedi,
673 1354 870 1419 magnopere
893 1353 965 1396 sum
989 1332 1168 1396 delectatus

151 1421 191 1485 iis
222 1420 387 1508 laudibus,
425 1421 544 1506 quibus
575 1443 640 1507 me,
678 1443 750 1486 cum
783 1421 821 1484 de
853 1420 1010 1486 Ludouici
1043 1420 1166 1486 Ariosti

112 1536 139 1576 ro
152 1515 301 1594 poemate
333 1533 439 1575 meam
471 1510 664 1576 sententiam
696 1509 864 1594 exquirere
897 1509 1087 1595 cogitamen,
1121 1533 1166 1574 or·

151 1599 294 1671 nandum
317 1599 520 1665 existimasti.
554 1621 659 1684 neque
683 1620 769 1682 uera,
793 1597 880 1683 quod
902 1598 974 1681 ipsa
997 1599 1094 1663 laude
1117 1599 1167 1662 ad·

152 1690 284 1753 modum
308 1688 417 1773 capiar
442 1725 481 1736 -
505 1711 557 1752 mc
581 1687 667 1752 enim
695 1687 839 1772 quotidie
866 1686 971 1773 magis
999 1688 1042 1751 ab
1067 1687 1166 1751 ambi-

152 1777 241 1841 tione
265 1799 338 1841 cum
361 1777 458 1862 ratio,
485 1781 556 1841 tum
583 1777 648 1840 iam
671 1781 760 1840 aetas
783 1779 912 1840 amouet
934 1815 978 1823 —
1002 1775 1060 1840 sed
1083 1775 1168 1860 quod

153 1865 272 1929 amoris
294 1864 329 1928 in
351 1887 403 1928 me
427 1863 488 1950 tui,
518 1869 555 1929 ut
579 1887 640 1950 ego
663 1864 875 1949 interpretor,
902 1864 1000 1929 index
1023 1864 1168 1929 laudatio

114 1979 139 2020 15
154 1957 211 2017 est.
253 1952 354 2017 amari
377 1957 486 2017 autem
509 1953 551 2016 ab
576 1975 613 2017 eo
637 1953 717 2038 uiro,
742 1953 798 2037 qui
817 1953 954 2018 excellat
972 1953 1013 2018 iis
1032 1953 1167 2037 artibus,

155 2063 234 2126 quas
261 2041 295 2105 in
324 2041 411 2105 omni
435 2045 541 2105 aetate
570 2041 742 2128 diligenter
770 2041 867 2126 colui,
896 2064 1044 2127 quaeque
1072 2043 1168 2106 rebus

154 2130 306 2195 omnibus
337 2130 547 2216 antecellunt,
578 2152 634 2196 cur
662 2152 729 2195 non
758 2129 938 2216 gaudeam?
978 2131 1169 2214 Amplector

154 2219 255 2306 igitur
277 2219 374 2284 istam
397 2219 600 2284 uoluntatem
623 2223 656 2283 et
679 2220 784 2283 habeo
808 2219 955 2305 gratiam,
978 2242 1046 2284 ιιοιι
1064 2218 1167 2302 modo,

155 2307 323 2394 quodem,
347 2309 403 2392 qui
427 2313 539 2375 contra
557 2308 710 2393 sentiunt,
730 2309 966 2373 obtrectatores
989 2313 1022 2372 et
1042 2308 1167 2372 inuidos

114 2424 140 2464 ιι
155 2418 258 2463 uoces.
304 2418 377 2461 cum
402 2397 521 2481 quibus
543 2401 663 2482 tamen,
690 2396 813 2481 optime
835 2396 998 2482 Plantedi‚
1021 2417 1168 2484 pugnare

154 2490 187 2549 te
211 2507 283 2549 mea
311 2507 423 2549 caussa
448 2485 559 2549 nolim.
604 2508 692 2570 nam,
723 2486 750 2549 si
779 2485 908 2550 laudem
936 2507 1104 2569 quaeram,
1132 2490 1168 2549 tu

154 2572 236 2637 mihi
265 2573 441 2638 multorum
471 2595 553 2637 unus
582 2573 685 2638 instar
712 2574 769 2658 sis,
801 2575 892 2639 cuius
924 2573 1105 2639 doctrinam
1137 2576 1168 2636 et

155 2660 373 2745 eloquentiam
404 2661 439 2725 in
470 2661 601 2746 scriptis
632 2661 739 2745 uidae,
771 2663 971 2746 probitatem
1001 2667 1034 2728 et
1064 2683 1168 2727 mores

156 2751 194 2814 de
224 2749 336 2814 multis
365 2749 469 2815 audio.
515 2751 578 2834 sin,
607 2751 693 2835 quod
718 2773 795 2815 uera
825 2755 887 2837 est,
917 2751 990 2835 ipsa
1018 2774 1071 2815 me
1102 2750 1167 2815 sola

115 2861 142 2904 ιι
156 2839 260 2904 uirtus
293 2839 408 2924 afficit,
440 2844 546 2904 cetera
575 2840 669 2924 parui
700 2839 814 2923 pendo.
869 2840 1011 2904 sinamus
1042 2840 1169 2924 plaeere

155 2928 220 2993 sibi
244 2951 344 2993 uuum
372 2949 531 3012 quemque
559 2933 592 2993 et
619 2929 654 2992 in
681 2951 738 2993 sua
765 2929 925 2994 sententia
952 2928 1167 3012 triumphare;

153 3041 214 3082 nos
250 3017 437 3082 institutum
471 3017 667 3082 retineamus
700 3021 733 3081 et
764 3017 799 3081 in
830 3019 892 3082 hoc
925 3017 1008 3103 siue,
1045 3021 1083 3082 ut
1115 3015 1167 3080 isti

154 3107 279 3193 uolunt,
256 3111 410 3171 terrore
435 3105 512 3191 siue,
535 3110 573 3170 ut
596 3128 656 3192 ego
677 3105 918 3190 iampridemst
920 3105 999 3192 atui,
999 3069 1168 3170 ueritatis

155 3216 263 3259 amore
294 3217 330 3260 ac
361 3194 467 3259 studio
498 3217 680 3281 pergamus
726 3193 876 3279 Epistola
908 3199 965 3259 tua
996 3198 1029 3258 et
1056 3214 1167 3259 uersus

114 3306 141 3346 so
154 3282 298 3347 redolere
321 3283 402 3347 mihi
425 3283 512 3367 parit
514 3305 548 3348 er
571 3283 798 3368 antiquitatem
821 3283 981 3348 uidentur
1019 3305 1083 3367 quo
1108 3280 1167 3347 tibi

154 3370 285 3435 nomine
308 3371 480 3437 uehement
466 3375 517 3436 ter
539 3376 613 3457 grat
599 3371 694 3437 ultor.
741 3372 860 3456 quibus
884 3372 969 3436 enim
993 3372 1168 3473 contingat,

156 3459 224 3524 ut'
216 3482 251 3522 m
274 3463 410 3543 utraque
429 3460 582 3525 facultate
602 3460 769 3545 excellan,
792 3461 1006 3545 paucissimos
1029 3457 1167 3525 inomni

156 3552 262 3613 aetate
229 3547 392 3613 tfuisse
422 3570 488 3613 non
517 3549 656 3635 ignoras.
702 3549 751 3615 De
781 3548 906 3615 Ariosti
880 3553 1086 3635 tpoemate
1118 3546 1168 3612 hic
