2400 3922
144 188 211 253 102
478 188 573 249 XLIX.
598 188 642 241 Ad
661 186 743 241 Pium
761 187 808 241 IV.

140 353 176 412 tu
199 347 286 413 enim
309 349 380 434 ipse
403 353 459 415 tua
481 350 704 435 temperantia,
726 349 860 434 iustitia,
883 349 1063 436 grauitate,
1085 371 1147 413 eou-

138 438 267 523 stantia,
291 440 402 522 quales
426 462 494 504 esse
518 440 598 503 alios
622 443 794 522 oporteret,
818 439 1008 522 exemplum
1033 437 1145 502 dedisti.

136 523 230 590 inde·
246 528 389 591 manauit
422 528 532 592 statim
562 527 602 590 ad
633 527 835 611 propinquos
868 531 900 590 et
933 527 1052 590 affines
1083 530 1147 590 tuos

138 613 222 679 bene
251 615 380 680 uiuendi
411 615 593 697 disciplina,
625 637 762 697 quorum
792 614 938 680 omnium
956 614 1148 679 incredibilis

111 703 343 787 sabatinentia,
365 702 556 785 humanitas,
580 702 685 785 pudor
708 704 874 767 ciuitatem
897 703 992 767 breui
1018 703 1148 767 correxit

138 796 171 856 et
195 791 405 857 conformauit
429 791 619 856 uniuersam.
657 791 753 857 Nunc
772 791 807 855 in
824 791 915 855 illam
934 813 1048 856 curam
1067 796 1147 856 totus

137 879 310 964 incumbis,
337 883 374 942 ut
401 878 543 962 reliquae
578 885 686 962 partes
715 879 893 962 Ecclesiae,
922 880 1084 945 discordia
1110 880 1148 943 la-

137 968 261 1051 bantes,
284 967 370 1032 omni
395 989 413 1030 a
436 971 469 1031 te
492 968 617 1032 ratione
641 974 801 1033 sanentur.
848 968 952 1052 serpit
972 969 1061 1033 enim
1080 991 1148 1053 quo-

136 1055 214 1119 tidie
237 1056 366 1141 longius
390 1056 627 1138 transalpinum
655 1056 736 1121 illud
759 1055 888 1141 malum,
917 1079 936 1119 a
960 1058 1148 1141 quibusdam

95 1167 121 1204 ro
135 1143 240 1227 primo
264 1145 457 1230 ignoratum,
481 1145 521 1207 ab
547 1145 619 1208 aliis
638 1150 751 1228 postea
769 1145 963 1230 neglectum,
988 1150 1148 1230 postremo

133 1254 152 1296 a
179 1232 343 1297 nonnullis
371 1233 469 1296 etiam
498 1233 706 1298 uehementer
733 1238 871 1296 auctum.
923 1233 993 1319 sed,
1029 1239 1066 1298 ut
1092 1235 1149 1298 hoc

133 1320 256 1404 placuit
273 1321 352 1404 Dee,
377 1344 440 1404 quo
460 1321 589 1385 uolente
609 1327 665 1385 aut
684 1321 798 1385 saltem
812 1322 1026 1405 permittente
1041 1345 1150 1409 gerun-

133 1412 263 1494 turea,
290 1431 371 1493 quae
395 1431 453 1474 cur
476 1409 522 1473 ita
545 1410 637 1495 fiant,
666 1432 794 1475 caussas
821 1409 975 1496 indagare
1006 1415 1149 1476 nostrum

131 1519 198 1561 non
221 1502 279 1581 est,
303 1496 348 1561 sic
368 1497 471 1562 eidem
495 1498 647 1582 placebit,
671 1504 707 1562 ut
725 1498 930 1562 imminutam
950 1499 1147 1564 Christianae

94 1606 120 1647 15
135 1585 228 1669 Reip.
257 1585 450 1671 dignitatem
477 1591 534 1650 tua
562 1587 666 1651 uirtus
696 1592 728 1651 et
756 1587 915 1670 sapientia
945 1587 980 1651 in
1009 1592 1148 1653 ueterem

132 1673 354 1761 integritatem
377 1675 645 1758 splendoremque
669 1675 827 1739 restituat.
873 1674 979 1740 Instat
1008 1699 1028 1739 a
1052 1681 1085 1741 te
1107 1677 1149 1740 iu-

134 1763 256 1828 dictum
283 1767 315 1826 et
343 1763 529 1827 institutum
558 1763 622 1826 iam
656 1762 805 1848 generale
834 1761 1029 1849 Concilium,
1063 1765 1148 1829 ouius

133 1872 170 1914 ea
188 1851 285 1934 ratio,
313 1873 349 1914 ea
376 1851 440 1934 uis,
463 1874 500 1914 ea
526 1852 723 1915 consuetudo
747 1874 874 1935 semper
896 1853 973 1937 fuit,
1003 1858 1041 1917 ut
1066 1875 1148 1918 sanc-

131 1939 249 2003 tissimi
273 1938 414 2022 Spiritus
437 1939 622 2002 interuentu
641 1939 832 2004 dissidentes
850 1941 975 2007 animos
993 1965 1062 2006 non
1080 1965 1148 2007 con-

95 2028 244 2091 socordia
267 2027 372 2092 solum
395 2031 427 2090 et
451 2050 543 2112 pace,
571 2049 685 2091 uerum
712 2029 811 2092 etiam
834 2029 1064 2094 beneuolentia
1088 2037 1148 2096 stu-

132 2115 249 2200 dioque
282 2116 499 2201 coniungeret.
548 2115 620 2180 Hoc
652 2121 688 2180 tu
718 2139 796 2199 nos,
828 2116 884 2181 Pie
906 2117 975 2203 IV,
1008 2120 1147 2184 remedio

132 2205 278 2269 seruabis
306 2210 530 2288 errantemque
559 2227 692 2291 gregem
720 2205 889 2269 disiectum
921 2207 1012 2270 uaria
1046 2209 1147 2290 culpa,

70 2298 73 2306 '
132 2297 287 2377 tanquam
318 2292 435 2357 Pastor
468 2294 625 2377 optimus,
658 2294 697 2357 ad
730 2293 947 2357 obedientiam
979 2296 1147 2359 reuocabis

131 2381 377 2465 continebisque
406 2382 440 2445 in
471 2383 577 2446 officio
611 2387 643 2445 et
674 2382 879 2447 obseruantia
917 2405 994 2468 erga
1022 2384 1147 2447 diuinas

91 2488 117 2529 as
130 2467 219 2554 leges
255 2474 325 2533 tum
366 2475 524 2553 perpetua
557 2470 727 2534 sanctitate
764 2475 837 2552 tua,
873 2470 957 2534 unde
994 2471 1147 2537 hauriunt

131 2578 242 2621 omnes
266 2559 414 2640 exempla
438 2558 581 2622 omnium
600 2558 768 2640 uirtutum,
791 2563 860 2621 tum
885 2581 962 2622 uero
986 2560 1027 2624 iis
1052 2561 1148 2625 etiam

131 2644 262 2709 edendis
289 2646 324 2710 in
352 2647 413 2710 hac
441 2646 521 2709 urbe
549 2645 656 2727 libris,
691 2667 827 2729 quorum
856 2647 953 2711 lectio
983 2648 1087 2713 malas
1117 2653 1147 2713 et

131 2733 284 2798 exitiosas
308 2734 419 2798 euellit
436 2756 476 2797 ex
504 2734 610 2797 animo
635 2733 813 2818 opiniones,
836 2734 950 2799 inserit
963 2757 1041 2819 eas,
1067 2759 1146 2821 quae

132 2821 159 2888 si
182 2821 332 2886 coluntur
354 2823 476 2906 pietate
500 2827 532 2885 et
555 2822 776 2906 beneficentia,
800 2823 981 2887 uberrimos
1006 2830 1038 2888 et
1058 2848 1147 2908 prae-

93 2932 120 2971 eo
134 2910 348 2976 stantissimos
371 2915 403 2974 et
426 2909 521 2993 plane
546 2911 701 2975 salutares
725 2913 849 2975 fructus
873 2913 989 2975 ferunt.
1036 2911 1146 2997 Atque

133 3000 230 3065 huius
254 2999 381 3084 quidem
404 2998 487 3062 tanti
514 3020 551 3061 ac
574 3003 641 3062 tam
664 3000 820 3083 praeclari
849 3001 991 3064 muneris
1016 3002 1146 3066 initium

132 3089 218 3153 uude
241 3088 323 3152 sumi
345 3087 453 3171 aptius
477 3087 595 3170 potuit,
619 3110 716 3171 quam
739 3089 779 3151 ab
805 3110 842 3151 eo
866 3089 960 3172 libro,
985 3090 1078 3154 cuius
1101 3113 1147 3154 ar-

131 3181 322 3261 gumentum
346 3180 378 3239 et
400 3197 473 3239 cum
495 3174 618 3238 ratione
638 3181 822 3258 temporum
841 3181 874 3239 et
893 3199 965 3240 cum
989 3178 1055 3242 tuis
1075 3200 1147 3242 con-

131 3263 212 3328 siliis
236 3286 272 3328 ae
295 3263 410 3328 studiis
432 3263 554 3347 optime
578 3264 749 3347 congruit?
782 3264 860 3346 quid
883 3266 969 3327 enim
988 3269 1146 3350 tempora,

91 3375 117 3415 aa
132 3352 210 3436 quid
238 3356 341 3416 status
367 3351 530 3416 Ecclesiae
557 3351 676 3434 poscit,
705 3351 782 3434 quid
810 3356 846 3414 tu
870 3357 964 3434 optas
989 3376 1082 3419 curas
1107 3377 1145 3419 ue

131 3441 244 3527 magis,
267 3463 363 3525 quam
388 3439 578 3523 Concilium,
605 3439 691 3523 quod
714 3439 843 3502 unicum
872 3446 904 3502 et
929 3442 1144 3507 certissimum

132 3530 166 3593 in
178 3534 247 3594 tam
264 3530 357 3615 graui
376 3529 566 3613 discrimine,
584 3533 650 3592 tam
669 3527 852 3612 propinqua
871 3530 1032 3592 communi
1052 3537 1145 3616 peste
