2400 3922
517 182 739 247 ..32-

120 347 300 406 cariotarum
329 347 495 406 recentium
523 347 615 405 trIum
646 344 753 423 pulpas
786 344 898 406 medias
927 345 1061 407 detracta
1087 365 1130 406 ex·

120 435 231 495 teriore
256 442 325 496 cute
352 433 606 514 interioribusque
630 435 712 493 venis
736 433 783 494 vel
811 452 885 494 uvae
912 452 1018 514 passae
1047 453 1130 495 novae

122 530 153 583 et
188 525 381 603 incorruptae
417 524 550 603 purgatis
582 520 778 583 interioribus
810 525 912 600 granis
948 541 977 602 p.
1007 522 1033 584 ll
1064 521 1130 583 Vlll.

123 610 254 673 Commis
282 621 312 674 et
341 610 564 691 tragacanthum
592 627 679 689 passo
707 609 827 672 Cretico
855 629 916 672 uno
945 611 993 672 die
1021 619 1053 672 et
1079 629 1131 672 una

88 711 104 759 o
124 711 212 763 nocte
236 703 380 763 macerari
403 708 520 780 oportet
542 707 572 761 et
595 708 715 778 postero
735 698 783 760 die
806 699 867 778 pila
891 707 921 761 et
944 699 1005 779 pilo
1028 699 1131 761 mundo
1177 718 1179 723 ·

123 792 308 853 contundere
328 801 357 851 et
376 799 475 852 cetera
493 791 563 850 trita
581 790 722 849 mortario
738 790 857 849 curiose
874 788 1051 868 admiscere,
1069 788 1131 850 iude

124 878 194 941 dare
218 880 302 941 fabae
325 878 527 957 magnitudine
547 876 699 956 globulum
723 875 779 937 sub
803 876 904 955 lingua
927 886 1032 939 tenere
1052 878 1131 939 devo·
1177 918 1179 931 .

123 978 238 1028 rentem
253 968 331 1047 quod
350 966 543 1045 quuefactum
563 966 661 1027 luerit.
692 965 754 1026 Hoc
770 965 1022 1027 medicamentum
1036 969 1132 1046 pipere

122 1056 256 1116 detracto
279 1064 309 1116 et
332 1055 368 1115 ad
391 1063 540 1115 tumorem
570 1057 696 1115 arteriae
719 1053 803 1134 facit,
832 1054 1013 1116 servandum
1041 1062 1132 1116 autem

71 1155 104 1204 10
122 1144 232 1222 puxide
255 1142 359 1204 buxea.

210 1231 321 1292 LXXV.
348 1232 510 1311 Arteriace,
529 1249 587 1311 qua
607 1231 712 1292 melior
731 1249 791 1291 non
810 1239 869 1313 est,
889 1232 1023 1293 relertur
1040 1241 1133 1293 autem

122 1321 159 1382 ad
186 1318 380 1400 Asclepiaden
413 1329 563 1399 nostrum,
595 1321 666 1380 facit
694 1319 730 1380 ad
759 1322 858 1381 omnia
891 1324 1032 1399 superius
1060 1321 1133 1382 dicta

122 1410 273 1471 efficacius
296 1417 326 1469 et
350 1407 499 1488 quidquid
519 1411 550 1469 in
574 1411 683 1469 arteria
707 1410 771 1469 vitii
790 1417 844 1469 est.
876 1408 1002 1470 Constat
1021 1428 1056 1471 er
1078 1410 1133 1470 hIs:

122 1497 240 1559 blurrae
264 1499 392 1576 optimae
415 1499 535 1576 plnguis
558 1516 586 1576 p.
611 1496 636 1556 X
659 1496 780 1576 XXIIII,
811 1499 1000 1576 tragacantbi
1023 1497 1134 1559 candidi

71 1596 104 1646 15
122 1606 150 1667 p.
178 1585 205 1647 X
236 1584 368 1668 XXVIII,
400 1585 602 1666 glycyrrhizae
635 1585 744 1647 radicis
777 1605 805 1665 p.
830 1585 856 1647 ll
885 1585 991 1667 XVIII,
1024 1589 1134 1648 resinae

122 1674 341 1738 terebinthinae
364 1693 503 1755 veraep.
523 1674 548 1734 X
572 1673 672 1734 XVIII.
718 1674 960 1754 Tragacantbum
983 1678 1068 1737 'sicut
1094 1682 1135 1736 est

123 1764 307 1825 contundere
336 1773 366 1824 et
395 1782 450 1843 per
478 1764 611 1824 cribrum
643 1762 784 1825 tenuibus
817 1764 1015 1826 foraminibus
1043 1767 1135 1825 eicere

122 1861 253 1934 oportet,
290 1851 398 1913 deinde
434 1870 567 1912 murram
604 1854 705 1912 tritam
743 1870 879 1913 seorsum
912 1852 1078 1914 admiscere
1109 1862 1136 1913 et

123 1959 229 2002 rursus
256 1949 384 2020 utraque
412 1942 443 2000 ln
471 1958 563 2001 unum
592 1941 644 2001 dIu
672 1949 771 2001 terere
798 1949 889 2020 atque
917 1944 959 2002 ita
991 1944 1024 2002 iu
1051 1941 1136 2021 pilam

69 2041 104 2091 ro
122 2032 261 2091 conitere
285 2038 315 2091 et
337 2028 379 2089 ibi
403 2047 472 2090 cum
495 2028 699 2090 concaluerint
728 2031 790 2090 ictu
813 2030 879 2112 pili,
906 2029 1136 2091 terebintbiuam

121 2118 264 2199 paulatim
287 2120 424 2200 miscere,
446 2118 541 2179 donec
565 2120 697 2179 omnium
719 2120 819 2179 unitas
842 2119 902 2179 fiat
949 2119 1058 2180 Postea
1080 2119 1136 2198 gly-

123 2208 288 2288 cyrrhizam
307 2215 462 2269 contusam
482 2215 512 2268 et
531 2206 690 2268 cribratam
709 2209 911 2286 mortarioque
926 2207 1022 2268 nihilo
1041 2211 1136 2269 minus

122 2299 223 2357 tritam
252 2300 363 2358 sensim
395 2315 553 2376 aspergere
582 2304 708 2375 oportet.
754 2295 811 2357 Ubi
840 2296 914 2357 baec
942 2295 1021 2357 bene
1050 2300 1137 2357 mixta

122 2385 248 2466 luerint,
271 2385 344 2447 dum
368 2386 444 2447 calet
465 2385 728 2465 medicamentum,
752 2384 854 2463 plures
877 2384 1022 2446 accedant
1046 2394 1076 2446 et
1098 2387 1137 2464 pi·

70 2483 104 2534 25
123 2472 199 2534 lulas
221 2474 332 2535 faciant
355 2474 566 2554 magnitudiuis
589 2473 681 2534 fabae.
719 2472 767 2534 Fit
785 2475 865 2534 enim
884 2474 1047 2535 durissima
1069 2474 1137 2535 haec

123 2565 268 2623 arteriace
284 2571 314 2622 et
328 2563 384 2623 hoc
398 2565 464 2641 ipso
477 2561 631 2642 praecedit
645 2569 769 2642 ceteras,
790 2564 858 2641 quia
872 2561 991 2640 ltnguae
1006 2562 1139 2624 subiecta

124 2669 185 2712 non
212 2650 298 2712 facile
324 2650 450 2711 solvitur
473 2661 503 2711 et
529 2651 571 2711 ita
594 2650 707 2710 diutius
731 2649 851 2711 exhibet
879 2669 967 2712 suum
992 2654 1137 2713 effectum.

214 2737 339 2800 LXXVI.
369 2739 413 2799 Ad
437 2741 599 2817 suspirium
625 2740 694 2799 Iaolt
717 2737 793 2799 bene
811 2741 891 2800 inter
911 2739 1059 2819 simplicia
1078 2742 1138 2820 qui·

126 2827 194 2890 dem
221 2835 338 2889 acetum
367 2826 489 2888 scillites
518 2827 596 2906 quod
621 2836 727 2889 vocant
754 2827 899 2889 cocleario
927 2838 975 2889 ter
999 2838 1138 2908 quaterve

72 2929 107 2980 30
127 2925 279 2998 sumptum
305 2918 336 2976 in
360 2914 416 2976 die.
462 2915 588 2976 Prodest
612 2924 641 2976 et
669 2920 733 2996 ipsa
761 2916 854 2998 scilla,
882 2916 985 2996 argilla
1014 2920 1138 2979 ciccum·

126 3005 194 3068 data
217 3014 247 3067 et
268 3005 355 3066 furno
380 3012 463 3065 cocta
486 3007 621 3083 purgatis
645 3005 844 3067 exterioribus
867 3005 1086 3088 putaminibus,
1111 3017 1139 3066 et

197 3199 259 3264 3p.
274 3191 301 3250 ii
318 3191 385 3248 VIII
401 3193 501 3262 ecra'psi
518 3208 579 3248 cum
599 3194 646 3248 M:
667 3201 709 3265 p0.
723 3193 789 3247 VIII
806 3193 842 3248 R.
911 3194 1139 3264 Imagnitudine

125 3263 228 3320 Rhoas
246 3263 470 3334 magnitudinem
488 3263 524 3319 R.
583 3266 696 3333 8quod
714 3264 760 3318 M:
780 3264 875 3333 quoad
893 3264 929 3319 R.
986 3271 1020 3319 10
1039 3266 1139 3336 pyxide

126 3335 154 3390 L
172 3335 335 3406 Stephanus.
399 3341 432 3389 12
451 3334 487 3389 ad
506 3332 695 3403 Asclepiaden
713 3336 839 3390 nostrum
857 3336 970 3404 scripsi:
989 3337 1026 3391 ab
1045 3336 1139 3393 Ascle·

126 3406 211 3475 piade
229 3408 325 3462 nostro
343 3405 372 3462 R
389 3405 420 3460 in
437 3402 626 3474 Asclepiaden
644 3404 679 3459 L.
735 3411 768 3458 13
788 3404 928 3475 quidquid
946 3404 986 3460 L:
1007 3406 1140 3477 quicquid

127 3476 163 3532 R.
236 3477 292 3546 his]
316 3478 351 3546 cf.
374 3476 436 3533 Gal.
459 3475 536 3545 XIII,
560 3482 602 3531 51.
675 3480 710 3529 20
733 3474 805 3530 coici
828 3475 862 3529 L.
936 3476 1138 3533 refaciens:

127 3546 235 3604 faciunt
252 3547 288 3603 R.
362 3553 396 3603 29
416 3547 546 3604 cocliario
566 3547 600 3602 L.
