2400 3922
470 173 690 240 ..57-

66 336 126 399 hoc
155 339 182 398 si
210 354 285 416 quae
313 336 457 416 reliquiae
486 339 697 419 remanserint,
730 340 912 400 ammoniaco
940 340 1087 402 tollendae

67 433 160 488 erunt
184 433 215 486 et
237 425 321 486 ruho.

159 513 299 575 CXXXII.
345 513 512 576 lniantihus
540 515 661 576 lienosis
694 515 765 575 dare
796 515 946 594 oportebit
973 535 1088 600 aquam,

66 605 183 683 inqua
211 601 342 664 candens
369 602 483 664 ferrum
510 604 674 664 demissum
703 610 757 682 est,
784 603 830 664 vel
858 603 903 664 lac
932 607 1087 684 caprinum

66 710 158 772 capra
182 691 388 753 tautummodo
410 691 521 753 hedera
543 700 635 771 pasta.
681 691 819 753 Proderit
841 693 888 753 his
917 701 947 755 et
975 696 1086 773 sinapis
1106 704 1122 754 5

67 783 149 843 sicca
177 788 303 842 contusa
330 787 431 841 cerato
459 783 551 841 mixta
578 787 609 841 et
635 798 760 860 gypsum
789 800 865 861 aqua
892 800 1086 862 conspersum

67 879 153 931 extra
181 871 345 948 inpositum
373 876 404 929 et
431 876 561 951 acetum,
584 871 615 929 in
640 888 698 948 quo
727 872 901 932 tamaricum
929 872 1087 933 decoctum

66 959 171 1038 fuerit,
194 960 293 1019 vesica
316 957 450 1019 abditum
473 961 566 1019 etita
590 966 673 1019 extra
696 960 867 1038 inpositum.

159 1045 314 1108 CXXXIII.
359 1046 404 1107 hd
437 1046 630 1128 hydropicos,
663 1066 732 1109 cum
763 1051 822 1109 iam
858 1049 981 1110 distenti
1017 1057 1087 1110 sunt

69 1143 198 1216 propter
221 1153 315 1215 aquae
337 1134 560 1196 multitudinem
582 1168 618 1180 -
640 1138 725 1197 initio
749 1139 828 1197 enim
851 1137 907 1198 alia
930 1139 977 1198 via
999 1138 1085 1217 prod·
1108 1148 1142 1198 10

67 1232 177 1286 est-
201 1223 278 1285 hene
304 1223 419 1284 iaciunt
444 1223 624 1305 chameleae‚
654 1243 728 1303 quae
752 1224 845 1285 herba
869 1233 915 1286 est
938 1227 1087 1288 simillima

66 1313 173 1393 olivae,
197 1312 266 1373 folia
289 1314 422 1392 quinque
446 1312 492 1373 vel
515 1332 583 1394 sex,
605 1314 695 1374 etiam
718 1314 744 1372 si
767 1312 849 1373 arida
872 1314 997 1392 fuerint,
1020 1315 1087 1375 data

66 1420 106 1463 ex
135 1419 229 1481 aquae
256 1399 370 1461 mulsae
399 1401 513 1480 cyathis
541 1401 651 1482 trihus,
681 1402 750 1462 salis
784 1400 929 1462 cocleario
957 1402 1086 1464 adiecto:

67 1491 193 1569 largiter
221 1492 301 1550 enim
329 1507 436 1568 aquam
469 1490 560 1550 ducit.
611 1489 685 1551 Item
721 1508 843 1568 squama
874 1492 965 1571 aeris,
998 1509 1086 1570 quam

66 1580 175 1641 λεπίδα
202 1578 308 1639 Graeci
337 1586 457 1659 vocant,
489 1578 621 1658 pondere
648 1581 796 1640 victoriati
827 1578 893 1639 data
926 1597 995 1639 cum
1027 1581 1087 1658 apii
1107 1591 1141 1638 15

67 1669 194 1728 seminis
222 1669 288 1746 pari
314 1667 448 1745 pondere
476 1686 512 1728 ex
540 1685 633 1747 aquae
665 1666 776 1728 mulsae
801 1667 914 1747 cyathis
938 1674 1087 1750 quattuor,

66 1755 234 1836 plurimum
258 1763 357 1816 autem
381 1774 474 1834 aquae
498 1756 596 1817 deicit.
638 1755 730 1816 Datur
754 1763 784 1816 et
806 1756 916 1817 radicis
939 1774 1030 1817 sucus
1051 1775 1088 1818 ex

66 1846 133 1906 viui
154 1846 241 1905 mixti
263 1844 377 1923 cyathis
396 1843 502 1905 trihus.
549 1844 674 1923 Oportet
699 1863 767 1905 vero
792 1845 955 1906 secundum
979 1863 1087 1925 purga·

68 1936 183 1995 tionem
207 1935 349 2012 spongeis
376 1935 461 1993 novis
489 1941 586 1995 totum
619 1941 753 1995 ventrem
785 1952 821 1994 ex
853 1941 937 1995 aceto
965 1943 995 1994 et
1028 1934 1087 1995 sale

68 2022 207 2084 eiusdem
225 2039 383 2083 mensurae
407 2021 500 2082 diluto
525 2031 555 2082 et
577 2023 770 2083 inferveiaoto
797 2025 941 2101 inponere
966 2030 996 2083 et
1018 2041 1087 2083 con·
1107 2032 1143 2081 20

67 2113 221 2190 stringere
249 2118 333 2171 extra
359 2111 462 2171 instita
492 2110 580 2190 longa
607 2111 751 2190 cibosque
778 2128 861 2171 assae
891 2113 988 2171 carnis
1017 2111 1087 2172 dare

67 2219 140 2261 cum
168 2217 245 2278 pane
272 2217 373 2279 azymo
400 2199 558 2260 fricantem
585 2206 682 2260 totum
710 2216 819 2277 corpus
843 2197 903 2258 sale
927 2195 1000 2279 <et>
1023 2199 1087 2260 oleo

67 2287 195 2368 paribus
218 2288 376 2368 mensuris,
400 2289 461 2348 vini
484 2289 595 2348 meraci
618 2288 697 2366 quod
721 2288 792 2346 satis
817 2289 875 2346 erit
898 2286 1025 2347 dantem.

160 2375 328 2438 CXXXllll.
369 2375 449 2437 Bene
473 2376 544 2437 iacit
567 2375 603 2437 ad
622 2375 801 2454 hydropicos
824 2375 898 2436 haec
920 2376 1088 2454 conpositio

71 2474 103 2528 et
128 2467 256 2526 maxime
283 2467 315 2525 in
337 2466 445 2546 initiis,
473 2483 601 2544 quorum
629 2463 780 2525 sufflatum
808 2482 918 2543 corpus
943 2472 1000 2546 est,
1028 2459 1142 2527 133113

68 2551 166 2634 σάρκα
190 2552 270 2632 quod
293 2553 399 2614 Graeci
422 2561 542 2615 vocant:
574 2553 649 2614 Vitis
677 2552 759 2614 albae
787 2552 896 2614 radicis
924 2573 952 2633 p.
976 2553 1002 2614 X
1026 2553 1089 2635 XX,

68 2645 155 2704 cocci
175 2641 273 2703 Cnidii
291 2660 319 2720 p.
339 2641 365 2700 X
383 2641 445 2722 1111,
469 2641 569 2703 scillae
587 2642 671 2703 bulbi
689 2644 769 2704 cocti
787 2642 920 2704 detracta
941 2645 1089 2704 exteriore

68 2740 156 2811 parte
179 2750 208 2810 p.
225 2730 251 2789 X
271 2729 307 2811 X,
330 2748 449 2791 murrae
467 2749 495 2808 p.
515 2730 541 2790 X
559 2730 632 2811 vili,
652 2727 820 2811 <adiectis>
840 2733 952 2792 cumini
976 2731 1089 2810 cyathis

71 2819 181 2901 trihus,
204 2821 287 2880 anesi
310 2819 424 2898 cyathis
447 2819 553 2900 trihus,
576 2823 638 2880 vini
660 2820 778 2880 Falerni
801 2821 938 2880 sextariis
962 2817 1088 2898 duobus,

143 2978 160 3026 3
179 2971 336 3027 infantibus
355 2972 401 3025 M:
424 2970 569 3026 inflolibue
587 2972 623 3027 R.
695 2975 713 3023 4
732 2969 885 3025 demissum
910 2972 953 3025 331
974 2971 1087 3038 scripsi:

69 3044 220 3098 dimissum
238 3044 336 3099 omisso
356 3044 401 3097 331
418 3044 549 3099 vocabalo
566 3043 595 3098 R
618 3040 778 3096 dimittatur
796 3041 835 3094 M
898 3039 977 3094 dhis
996 3040 1026 3094 31
1040 3040 1086 3094 M:

71 3117 101 3170 31
117 3114 164 3170 his
183 3114 220 3170 R.
294 3121 310 3169 6
334 3116 364 3169 31
385 3131 505 3183 gyprrnn
528 3129 602 3181 aqua
625 3127 804 3182 conspersum
829 3113 910 3166 extro
932 3109 1088 3180 inpositum

69 3186 176 3242 Boeo:
196 3185 277 3240 extra
294 3183 450 3254 inpositum
473 3190 502 3240 31
521 3200 641 3254 gypsum
664 3200 689 3237 3.
709 3182 840 3238 333311.
914 3187 948 3237 14
971 3197 1089 3249 squama
1124 3208 1128 3213 ¹

70 3257 178 3314 Boou:
197 3273 332 3324 squamae
347 3256 383 3311 R.
440 3260 473 3310 15
488 3255 611 3325 pondere
624 3255 736 3323 scripsi:
755 3251 849 3322 pondo
862 3251 898 3307 R.
956 3257 990 3307 18
1007 3253 1089 3308 mixti

68 3329 172 3412 scripsi
184 3331 210 3383 et
223 3328 277 3382 hue
288 3328 460 3396 transposui:
475 3325 572 3406 mixtis
583 3330 647 3394 post
659 3323 749 3380 tribus
763 3325 853 3381 colloc.
863 3322 906 3405 11.ι
957 3328 992 3378 19
1006 3341 1088 3393 spon·

69 3398 324 3551 1123113311
341 3393 1088 3525 {attath⁹tttt²nd⁰¹¹⁸htatlil⁰..that

69 3540 178 3597 additu
196 3541 239 3596 cel
257 3557 320 3601 oum
339 3539 426 3596 Rhod.
