2400 3922
346 152 420 209 XVI.
447 152 493 207 Ad
509 152 665 208 Antonium
683 151 803 207 Aelium.
1038 155 1082 219 33

59 317 179 404 inagis,
218 316 299 380 dum
336 315 503 380 emendare
536 319 705 398 conantur3
742 315 845 379 multa
878 316 1080 400 explanando

10 464 12 469 .
62 409 256 491 peruertunt
294 407 327 468 et
359 401 592 487 pulcherrimas
623 425 720 486 saepe
753 403 929 469 sententias
962 406 1081 490 turpis-

10 520 23 579 i,
62 493 148 560 umis
167 491 361 559 inscientiae
380 491 514 556 maculis
532 490 712 574 inquinant.
755 490 843 567 Quae
862 514 913 556 me
931 493 978 557 ita
997 515 1081 560 oom-

10 604 22 633 ν
66 587 165 648 moult
193 581 388 668 mdigmtas,
418 579 527 664 itaque
555 601 664 644 meum
690 580 846 667 animum,
875 584 913 644 ut
937 602 1011 645 uere
1035 583 1081 646 di-

10 642 23 797 t
64 668 658 824 undeuuanda
671 668 988 822 aetertum

65 782 230 913 Rbmanae
243 780 425 912 g{effisos
462 844 664 929 eloquentiae
704 809 893 931 longissime
934 781 1083 932 prdtuiit,

66 934 292 1022 ignominiam,
328 939 365 999 ut
395 933 577 1019 statuerim,
612 933 640 998 si
670 955 743 998 cum
772 933 840 998 uita
868 934 1019 1000 ualetudo
1048 940 1081 1001 et

64 1045 137 1089 cum
167 1022 355 1089 ualetudine
383 1023 485 1087 otium
513 1025 681 1108 suppetat,
711 1022 886 1087 triennium
911 1027 967 1087 aut
994 1025 1082 1107 quod

64 1111 197 1178 omnino
220 1134 273 1177 res
296 1110 406 1198 exiget
429 1110 536 1196 spatii,
559 1110 594 1174 in
615 1111 678 1175 hoo
697 1111 840 1175 omnium
863 1111 1081 1195 pulcherrimo
1096 1145 1124 1184 ιο

62 1200 150 1266 libro
170 1199 415 1284 interpretando
434 1198 777 1285 studiosorumgratia
795 1221 989 1264 consumere.
1014 1223 1082 1267 non

64 1289 154 1372 quod
178 1310 240 1375 ego
264 1288 292 1353 is
321 1287 394 1367 sim,
426 1287 481 1371 qui
509 1287 589 1352 mihi
617 1291 746 1352 tantum
773 1309 935 1373 arrogem,
965 1293 1001 1352 ut
1030 1289 1080 1353 de·

63 1382 205 1442 tractm
227 1376 301 1442 aliis
319 1375 470 1442 scientiae
488 1376 617 1440 laudem
636 1376 745 1440 adme
764 1377 968 1440 transferam:
988 1378 1082 1442 abest

63 1466 126 1531 hoo
145 1487 166 1530 a
184 1464 415 1531 consuetudine
435 1486 518 1557 mea,
532 1464 625 1529 abest
644 1486 662 1528 a
680 1469 796 1529 natura
813 1464 998 1549 plurimum.
1025 1466 1082 1530 sed

61 1575 173 1639 neque
190 1575 302 1619 rursus
325 1553 353 1619 is
376 1575 458 1637 sum,
481 1553 546 1637 qui,
569 1575 642 1617 oum
661 1557 784 1618 ceteros
803 1554 906 1636 probe
924 1554 1080 1636 nouerim,
1096 1581 1122 1623 rc

62 1642 135 1727 ipse
163 1664 217 1707 me
241 1664 374 1727 prorsus
403 1642 551 1729 ignorem
578 1645 610 1705 et
634 1641 703 1725 qui,
733 1663 806 1705 oum
833 1640 914 1704 alios
937 1641 1080 1706 incusem

63 1734 250 1816 propterea,
274 1730 350 1814 quia
371 1752 438 1796 non
456 1734 621 1815 praestant
645 1752 691 1813 ea,
714 1750 795 1812 quae
818 1729 859 1793 ab
882 1750 993 1792 eorum
1016 1733 1080 1794 stu·

58 1818 118 1883 dio
136 1818 358 1904 postulantur,
382 1840 442 1905 ego
466 1840 531 1902 me,
554 1818 583 1882 si
606 1818 684 1903 quid
702 1821 865 1900 praestare
884 1839 980 1900 posse
999 1817 1079 1882 mihi

61 1907 192 1991 uideor,
215 1907 315 1972 uelim
338 1912 549 1972 contemnere.
590 1928 657 1972 non
679 1906 726 1970 ita
747 1906 876 1970 laudem
894 1906 995 1992 fugi0,
1019 1907 1080 1972 etsi

60 2017 122 2061 nec
143 1995 245 2060 nimis
268 2000 397 2079 appeto.
439 1996 577 2060 alterum
600 1994 749 2078 stupidae
772 1995 937 2059 cuiusdam
956 1996 1080 2078 sapien·
1095 2025 1124 2065 ρο

59 2084 142 2169 tiae,
172 2083 312 2148 alterum
338 2083 468 2148 insanae
496 2106 564 2149 esse
592 2082 781 2148 ambitionis
808 2082 926 2148 uitium
954 2105 1081 2166 semper
1139 2109 1148 2121 ·

62 2171 153 2239 duxi.
210 2193 316 2255 neque
351 2194 442 2258 uero,
479 2171 506 2235 si
539 2172 617 2256 quid
648 2171 728 2235 mihi
761 2171 1014 2256 elegantioribus
1046 2171 1080 2234 in

60 2260 185 2329 litteris
214 2281 432 2344 assumpsero,
467 2260 565 2346 longe
597 2260 769 2324 admodum
801 2260 842 2322 ab
876 2258 917 2322 iis
950 2259 1081 2344 finibus,

61 2370 146 2433 qnos
170 2347 348 2414 modestiae
371 2349 453 2412 ratio
477 2348 682 2431 praeseribit,
706 2347 867 2412 discedere
890 2346 970 2410 mihi
994 2347 1079 2412 uide-

62 2438 131 2502 bor.
176 2436 242 2501 sois
263 2440 314 2521 tu,
340 2434 428 2519 Aeli,
456 2459 515 2521 pro
543 2439 654 2501 nostra
676 2440 786 2500 uetere
814 2435 956 2499 amicitia
980 2440 1012 2500 et
1035 2438 1079 2502 fa·
1093 2466 1121 2507 25

62 2525 268 2608 miliaritate,
300 2546 358 2609 per
388 2529 469 2609 quot
498 2547 613 2607 annos,
645 2524 764 2608 quibus
793 2524 962 2588 laboribus
991 2526 1078 2608 haec,

62 2636 145 2698 quae
170 2613 213 2677 ab
238 2613 440 2678 humanitate
462 2634 580 2677 nomen
603 2617 805 2696 acceperimt,
828 2611 934 2677 studia
953 2635 1080 2698 semper

62 2701 230 2768 coluerim.
276 2701 399 2766 sciebat
427 2701 549 2784 optime
578 2701 722 2765 omnium
750 2705 782 2765 et
810 2701 904 2785 mihi,
933 2723 1006 2767 cum
1033 2702 1079 2766 ui·

63 2795 167 2874 uerat,
197 2789 262 2854 hoo
291 2789 420 2854 nomine
448 2789 615 2855 tribuebat
643 2789 833 2874 plurimum,
862 2790 1079 2854 Bernardinus

62 2878 200 2944 llaffeus
225 2877 416 2961 Cardinelis,
444 2900 535 2942 meus
562 2877 617 2942 ille
645 2878 679 2941 in
708 2878 795 2942 omni
823 2879 902 2942 mihi
931 2879 999 2942 uita
1027 2878 1077 2940 de·
1093 2906 1119 2945 so

63 2968 188 3033 flendus
227 2965 377 3051 Maffeus,
413 2966 514 3032 Vrbis
555 2967 699 3052 deliciae,
739 2966 844 3050 lepor,
885 2965 1077 3049 humanitas,

63 3055 252 3140 exemplum
280 3053 406 3138 antiqui
434 3054 546 3139 officii,
573 3055 633 3119 flos
664 3054 808 3119 omnium
837 3054 1003 3117 uirtutum.
1050 3053 1078 3118 is

64 3145 195 3210 amabat
229 3143 310 3207 haec
345 3143 451 3208 studia
481 3142 614 3207 mirifice
647 3164 762 3227 eaque,
797 3141 915 3225 quibus
949 3146 1079 3224 poterat

64 3234 159 3299 rebus
187 3231 337 3320 (poterat
359 3236 467 3296 autem
490 3230 668 3317 plurimis),
695 3231 849 3295 tuebatur
876 3235 908 3294 et
932 3231 1074 3297 fouebat.

66 3319 142 3387 bene
174 3324 289 3386 autem
319 3319 358 3383 de
387 3320 461 3404 hac,
493 3341 712 3404 quaecumque
742 3319 777 3382 in
806 3319 902 3384 nobis
932 3324 994 3403 est,
1026 3321 1080 3384 uel
1094 3346 1121 3388 ac

65 3410 171 3492 potius
202 3407 502 3495 quantulacumque
532 3413 595 3493 est,
626 3408 761 3472 Latinae
795 3408 949 3473 orationis
982 3408 1079 3472 facul-

63 3502 126 3565 tate
149 3497 367 3565 existimabat
390 3518 504 3580 meque
528 3495 681 3580 quotidie,
705 3500 862 3578 quantum
881 3517 1018 3580 possem,
1042 3500 1078 3559 ut

110 3614 136 3657 Ρ.
148 3611 256 3657 muru
270 3610 387 3662 apameo
401 3609 506 3653 selectae,
852 3604 870 3654 3
