2400 3922
107 126 155 191 40
368 122 470 180 XVIII.
497 121 541 175 Ad
559 121 709 177 alfonsum
727 120 867 178 Garafam.

108 287 188 351 adeo
216 286 356 351 multum
383 306 452 350 esse
483 284 700 369 quaerendum
728 283 971 358 existimabant.
1021 285 1127 350 eaden
1164 302 1167 361 ξ

108 396 194 439 nunc
231 379 287 438 aut
324 379 411 439 certe
448 372 563 438 similis
599 372 771 437 admodum
805 376 921 437 nostra
952 373 1040 439 ratio
1072 379 1127 438 est.
1164 386 1167 449 ξ

110 463 295 547 quaerimus
323 463 370 547 id,
400 462 486 547 quod
515 461 549 525 in
575 461 691 525 Latina
718 461 831 547 lingua
858 461 1045 544 perfectum
1071 483 1124 546 pu·

109 557 226 617 tamus.
262 574 326 616 non
349 571 566 633 assequemur:
591 553 673 633 estc,
698 553 932 632 uerumtamen‚
955 572 1023 634 quo
1046 550 1124 635 plus,
1165 564 1167 569 '

81 646 148 707 aut
171 661 391 725 assequamur,
418 636 689 718 contenderimus,
717 659 754 702 eo
778 637 903 702 sufficet
926 639 1080 722 propius,
1098 639 1123 703 si
1165 652 1167 661 '

111 729 189 814 quid
212 729 318 794 studio
337 726 514 810 proficitur,
537 724 731 790 accedemus.
769 724 815 791 At
838 725 962 791 laboris
985 730 1022 792 at
1039 727 1123 792 indu·
1165 776 1167 805 2

111 818 210 882 striae
229 815 385 880 terminus
399 818 507 877 tamen
526 813 716 878 statuendus
735 813 853 898 aliquis
873 820 931 879 est.
966 813 1122 898 Conced03

111 906 167 970 sed
188 905 250 968 hoc
273 902 415 987 quidem,
443 902 471 966 si
500 901 673 988 diligenter
700 902 899 987 attendatur,
929 903 1015 967 nihil
1042 903 1122 969 aliud
1164 900 1167 979 ξ

111 997 173 1074 est,
205 1013 302 1074 quam
332 990 513 1074 perfectum
541 991 650 1074 ipsum
679 990 819 1055 definire.
873 991 937 1055 hoc
968 992 1057 1057 enim
1087 992 1123 1056 ad
1164 982 1167 1055 l

69 1105 97 1145 ro
110 1101 210 1145 unum
239 1079 344 1144 nostri
373 1079 502 1144 labores
531 1078 756 1164 intenduntur,
787 1079 850 1143 hoc
882 1101 984 1145 unum
1016 1085 1123 1146 nostra

110 1171 237 1252 spectat
264 1167 435 1251 industria,
467 1167 648 1250 perfectum
675 1170 784 1232 autem
815 1167 924 1251 ipsum
956 1190 1019 1255 ego
1047 1168 1121 1234 mihi

109 1257 151 1321 ab
175 1256 362 1321 hominibus
389 1255 550 1339 imperitis
573 1259 659 1321 certe
686 1255 812 1320 definiri
839 1257 925 1320 nolo,
972 1257 1123 1322 definiant
1165 1292 1167 1351 p

110 1346 148 1429 ii,
178 1345 298 1428 quibus
325 1348 400 1409 utor
427 1344 605 1429 magistris,
634 1343 760 1428 Cicero,
787 1343 918 1429 Caesar,
947 1345 1121 1428 Terentius,
1164 1354 1167 1423 Ξ

109 1433 255 1498 Plautus.
301 1454 438 1516 quorum
462 1454 501 1497 ex
524 1431 631 1516 Ebria,
661 1454 743 1517 quae
765 1432 900 1497 Latinae
927 1433 1062 1520 linguae
1083 1434 1122 1498 sit
1165 1448 1167 1497 !

69 1546 97 1587 rs
111 1522 282 1609 elegantia,
309 1544 391 1606 quae
414 1521 555 1605 ubertas,
583 1541 664 1607 quae
687 1521 747 1607 uis,
769 1521 863 1586 facile
887 1522 1013 1605 possim
1036 1523 1121 1588 intel·
1164 1554 1167 1595 ς

111 1611 221 1699 ligere.
258 1632 341 1695 quae
364 1610 402 1694 si,
423 1632 489 1675 non
512 1609 582 1674 dico
607 1613 726 1694 quanta
745 1614 821 1673 sunt
844 1608 1018 1697 (immensa
1043 1612 1121 1676 enim

112 1723 181 1766 esse
210 1698 332 1786 uideo),
361 1699 417 1763 sed
444 1699 471 1763 si
500 1721 537 1763 ea
563 1698 643 1762 mihi
670 1719 788 1784 magna
815 1719 854 1762 ex
882 1702 976 1781 parte
1000 1721 1121 1784 compa·
1164 1760 1167 1765 .

112 1784 246 1872 rassem,
269 1787 400 1852 modum
423 1786 559 1850 fortasse
582 1787 721 1852 facerem
743 1785 850 1850 studio
874 1809 955 1852 meo.
1002 1788 1069 1873 sed,
1090 1791 1123 1852 ut
1164 1812 1167 1863 3

111 1875 198 1939 inter
224 1875 297 1957 bos,
328 1874 383 1956 qui
405 1895 491 1937 nunc
514 1874 661 1937 homines
684 1874 815 1958 uiuunt,
842 1874 966 1959 aliquid
989 1898 1059 1941 esse
1081 1877 1122 1942 ui·
1163 1876 1167 1901 ⁴

111 2051 271 2134 uolumus,
289 2072 366 2134 prae
384 2048 459 2132 illis,
482 2070 619 2133 quorum
638 2054 768 2115 exstant
786 2051 865 2116 satis
883 2051 988 2115 multa
1006 2053 1125 2137 scripta

112 2140 282 2224 diuinitus,
313 2138 409 2224 nihil,
441 2138 587 2224 inquam,
616 2139 712 2224 plane
742 2161 860 2205 sumus.
907 2139 1012 2216 Quare
1041 2141 1124 2226 quod

112 2231 153 2294 ad
168 2230 373 2295 scribendum
387 2229 515 2314 attinet,
527 2229 686 2294 habemus
700 2228 836 2312 abunde,
851 2229 937 2312 quod
951 2229 1123 2295 imitemur.

111 2317 161 2380 De
179 2316 447 2399 pronunciatione
470 2339 548 2383 uero
567 2317 736 2382 minimum
754 2317 876 2381 laboro.
914 2317 994 2401 quid
1017 2317 1123 2383 enim?

70 2428 97 2468 aa
112 2425 153 2466 an
181 2408 335 2486 putamus
364 2405 398 2467 in
428 2406 469 2469 iis
498 2404 592 2487 ipsis,
625 2405 680 2486 qui
710 2408 780 2467 tum
807 2403 930 2470 Romae
959 2405 1124 2491 uiuebant,

111 2490 244 2554 eandem
267 2490 501 2574 pronunciandi
524 2490 682 2554 rationem
705 2491 828 2556 tuisse?
855 2516 920 2558 nun
944 2494 1016 2559 fuit.
1055 2517 1124 2560 con·

110 2577 256 2642 fluebant
285 2578 320 2642 in
351 2579 479 2661 urbem,
510 2576 612 2641 illecti
641 2599 699 2661 spe
729 2600 928 2646 summorum
958 2584 1125 2670 magistra·

110 2671 217 2747 tuum,
250 2666 336 2749 quod
367 2666 484 2730 habuit
515 2664 581 2728 illis
612 2667 817 2749 temporibus
849 2671 1031 2753 praemium
1064 2673 1124 2737 elo-

111 2753 256 2838 quentia,
284 2758 428 2843 oratores
456 2775 495 2816 ex
519 2753 671 2818 uniuersa
692 2753 799 2841 Italia3
827 2780 955 2823 caussas
982 2761 1126 2846 agebant

69 2841 248 2908 aoRomani
271 2841 418 2905 homines
445 2840 568 2924 pariter
595 2847 692 2927 atque
719 2845 896 2932 peregrini,
926 2869 1006 2911 sono
1036 2850 1126 2915 uocis

111 2930 295 3015 dissimiles,
324 2929 591 3014 pronunciatione
620 2932 747 3000 diuersi.
793 2957 885 3000 suam
907 2940 1017 3001 tamen
1042 2939 1126 3022 quis-

111 3043 173 3104 que
197 3043 257 3104 pro
280 3041 328 3106 eo,
350 3023 507 3105 quantum
528 3020 664 3106 quisque
683 3023 814 3089 ualebat
832 3023 973 3110 ingenio,
995 3025 1127 3091 laudem

109 3109 244 3172 ferebat.
291 3108 319 3173 si
342 3107 481 3172 Curibus
504 3108 674 3175 educatum
702 3116 759 3176 aut
780 3109 897 3195 Arpini
921 3117 1068 3179 orantem
1092 3116 1128 3179 in

109 3195 194 3259 Foro
225 3196 363 3282 audires,
394 3194 551 3261 Sabinum
581 3198 692 3262 statim
723 3202 779 3261 aut
805 3197 998 3283 Arpinatem
1026 3224 1129 3289 agno-

68 3306 97 3347 a5
111 3304 223 3347 aceres.
268 3306 373 3367 neque
405 3288 514 3349 tamen
546 3306 564 3348 a
596 3285 716 3349 forensi
749 3307 848 3368 opera
880 3293 964 3352 eta
996 3290 1126 3356 iudiciis

110 3377 286 3456 propterea
320 3373 490 3457 quisquam
525 3377 574 3437 est
611 3373 772 3458 exclusus,
812 3375 887 3456 quia
918 3377 1026 3444 minus
1061 3380 1128 3445 Ro·

109 3467 219 3546 mane,
250 3461 312 3525 hoc
345 3465 395 3525 est
425 3462 501 3546 quia
532 3461 639 3526 minus
671 3465 747 3544 apte
776 3461 883 3526 minus
907 3486 946 3528 ue
975 3467 1126 3533 decenter
