2430 3922
146 164 211 228 148
430 161 528 220 LXXI.
556 159 713 216 Octauiano
732 159 869 214 Ferrario.

145 327 256 392 tamen
278 323 365 389 uitae
389 344 505 409 genere
532 322 649 409 libros,
672 342 857 388 communes
876 319 1005 385 deficias
1024 324 1163 407 nostras,

146 413 302 479 abiecisse
326 434 377 477 me
401 412 531 496 penitus
553 411 656 477 nolim
679 410 853 476 existimes,
896 409 1069 474 nobiseum
1091 409 1163 473 ubi-

147 524 210 586 que
225 506 310 585 sunt,
328 501 463 566 eomites
476 522 653 583 numquam
665 498 804 583 molesti,
822 498 1000 583 loquentes,
1020 496 1164 582 silentes

148 612 222 656 oum
243 590 408 672 uolumus,
437 588 543 674 quoad
565 588 722 653 uolumus.
769 591 801 652 et
824 608 1019 671 quamquam
1042 586 1166 652 ueteris

121 679 256 744 smorbi
290 677 444 762 reliquiae
477 676 633 761 quaedam
665 680 839 759 supersunt
876 679 909 739 et
940 674 1027 741 uires
1057 675 1165 740 adhue

147 768 317 854 languent,
352 766 504 850 quiddam
529 769 638 829 tamen
663 764 797 850 aggredi
823 786 894 828 sum
920 785 1025 829 ausus.
1077 763 1166 847 quod

149 856 190 939 si,
223 859 260 920 ut
284 877 393 939 spero,
423 853 591 918 absoluam
622 857 655 917 et
685 853 726 937 si,
763 855 800 917 ut
829 851 990 937 principia
1021 852 1097 916 dare
1131 874 1165 916 se

148 944 313 1027 uidentur,
337 942 386 1029 ita
414 941 566 1026 procedet
593 941 752 1006 industria
779 941 833 1006 uel
861 962 880 1004 a
905 943 938 1004 te
966 940 1166 1023 probabitur

149 1041 183 1118 (a
215 1035 248 1094 te
276 1051 349 1094 eum
377 1029 461 1114 dieo,
499 1029 554 1113 qui
589 1029 753 1094 subtiliter
784 1033 817 1093 et
854 1028 976 1093 sineere
1010 1028 1165 1115 iudicant,

111 1143 138 1182 10
152 1119 248 1184 simul
272 1139 383 1182 omnes
406 1117 562 1203 intelligo.
608 1122 645 1183 tu
669 1117 755 1182 euim
777 1117 806 1182 is
829 1139 872 1201 es,
896 1138 994 1201 quem
1011 1139 1072 1182 neo
1096 1117 1164 1201 opi-

147 1207 203 1272 nio
235 1206 340 1291 fallat,
371 1229 431 1270 neo
462 1206 613 1271 uoluntas
645 1229 664 1270 a
694 1206 830 1271 ueritate
863 1202 1069 1292 detorqueat)
1102 1205 1164 1292 uel,

150 1294 230 1380 quin
257 1317 308 1360 me
337 1299 433 1379 putes
461 1294 565 1360 omnis
594 1299 761 1379 expertem
788 1294 910 1380 ingenii
937 1316 997 1360 noe
1025 1293 1064 1358 de
1092 1315 1165 1359 mea

148 1405 209 1448 neo
231 1383 270 1447 de
294 1382 484 1467 cuiusquam
507 1383 638 1448 omnino
656 1382 810 1447 facultate
834 1387 975 1447 statuere
999 1386 1032 1447 et
1055 1382 1165 1447 existi-

149 1493 237 1536 mare
269 1471 444 1556 quidquam
473 1494 582 1557 posse,
613 1493 679 1536 non
708 1493 828 1536 recuso.
878 1472 983 1537 Loeus
1013 1471 1083 1555 ipse
1113 1493 1164 1536 me

111 1583 137 1623 15
151 1582 273 1625 uacuus
294 1560 595 1645 interpellatoribus
614 1564 647 1624 et
665 1561 744 1625 haee
762 1560 893 1624 uiuendi
912 1560 1075 1625 arbitratu
1093 1581 1164 1625 meo

149 1671 258 1714 rerum
281 1649 426 1714 omnium
454 1648 638 1713 dulcissima
666 1653 779 1732 optata
806 1654 901 1713 antea
928 1648 1038 1733 potius
1067 1669 1164 1733 quam

150 1741 280 1821 sperata
308 1737 444 1803 libertas
474 1737 641 1821 inuitauit,
671 1741 708 1801 ut
738 1737 860 1802 ordirer
889 1737 935 1820 id,
967 1737 1068 1822 quod,
1101 1735 1164 1802 nisi

149 1826 259 1891 sedem
280 1825 334 1889 hio
357 1829 464 1890 statuo
488 1830 544 1891 aut
568 1829 667 1910 uerte,
694 1825 757 1890 nisi
780 1826 816 1890 in
837 1827 899 1890 hoo
923 1847 1050 1891 secessu
1075 1830 1109 1891 et
1131 1825 1164 1890 in

148 1912 210 1978 bae
237 1933 338 1995 paene
369 1913 555 1996 solitudine,
583 1912 672 2000 (nam
702 1914 730 1977 si
760 1935 833 1979 oum
860 1915 941 1979 urbe
971 1914 1164 1999 conferatur,

111 2024 139 2063 ao
153 2021 349 2084 quamquam
368 2001 494 2065 celebre
513 2000 592 2065 satis
611 2001 751 2086 opidum,
775 2002 914 2067 solitudo
934 2006 1043 2068 tamen
1060 2001 1165 2068 uideri

151 2088 308 2172 quaedam
335 2086 454 2175 possit)
485 2089 639 2154 maiorem
668 2091 743 2154 anni
771 2096 898 2175 partem
926 2113 1163 2176 consumpsero,

150 2199 278 2262 uereor,
309 2199 351 2241 ne
382 2200 452 2242 sero
480 2178 665 2263 admodum,
696 2179 832 2244 fortasse
865 2179 963 2244 etiam
995 2185 1164 2265 pertexere

151 2287 328 2349 numquam
349 2265 455 2331 liceat.
501 2288 584 2351 opus
608 2272 657 2332 est
683 2289 743 2332 nee
770 2268 927 2352 temporis
954 2290 1014 2334 nee
1041 2268 1163 2334 laboris

152 2354 270 2439 exigui.
320 2359 451 2439 tempus
482 2355 549 2440 hie,
585 2360 622 2419 ut
653 2356 761 2441 uideo,
798 2356 907 2422 deesse
938 2378 1005 2422 non
1041 2361 1163 2441 potest:

109 2464 138 2504 25
151 2440 298 2506 laborem
321 2443 500 2508 eommunis
523 2443 676 2509 utilitatis
698 2444 804 2530 gratia
826 2467 1003 2529 numquam
1026 2447 1164 2510 adducar

150 2532 188 2594 ut
215 2529 352 2614 fugiam:
381 2530 513 2596 interim
540 2535 661 2616 tamen,
691 2533 857 2617 superiore
884 2533 1029 2618 periculo
1058 2535 1162 2598 admo·

149 2615 253 2700 nitus,
279 2639 395 2700 operae
418 2640 576 2703 curaeque
599 2620 675 2703 plus
697 2621 732 2685 in
755 2621 985 2708 ualetudinem,
1010 2621 1162 2707 quamin

148 2704 450 2860 {pudiahplanquer
488 2706 578 2774 Vale.
619 2708 670 2774 En
694 2708 789 2795 opido
808 2711 909 2775 Plebe
928 2709 1027 2796 Sacri,
1049 2710 1105 2777 Vl.
1124 2709 1163 2775 id.

184 2814 234 2857 ou.
411 2844 418 2861 .

241 2992 274 3040 28
295 2985 391 3040 ‘Plebe
415 2987 505 3042 Saooi’
536 2989 566 3042 in
591 3005 623 3043 eo
647 2989 783 3060 oppidulo
811 2990 905 3045 uxoris
934 2991 1023 3045 frater
1047 2991 1162 3047 Carolus

111 3088 116 3095 =
148 3055 278 3110 Odonius
296 3057 395 3110 uillam
413 3057 528 3114 uidetur
546 3059 689 3115 habuisse.
1157 3077 1160 3084 '

552 3310 762 3322 -——-
