<?xml version="1.0" encoding="UTF-8"?>
<!DOCTYPE html PUBLIC "-//W3C//DTD XHTML 1.0 Transitional//EN"
    "http://www.w3.org/TR/xhtml1/DTD/xhtml1-transitional.dtd">
<html xmlns="http://www.w3.org/1999/xhtml" xml:lang="en" lang="en">
 <head>
  <title>
</title>
<meta http-equiv="Content-Type" content="text/html;charset=utf-8" />
  <meta name='ocr-system' content='tesseract 3.04.00' />
  <meta name='ocr-capabilities' content='ocr_page ocr_carea ocr_par ocr_line ocrx_word'/>
</head>
<body>
  <div class='ocr_page' id='page_1' title='image "./paulimanutiiepi00fickgoog_0068.png"; bbox 0 0 2430 3922; ppageno 0'>
   <div class='ocr_carea' id='block_1_1' title="bbox 218 185 1080 260">
    <p class='ocr_par' dir='ltr' id='par_1_1' title="bbox 218 185 1080 260">
     <span class='ocr_line' id='line_1_1' title="bbox 218 185 1080 260; baseline 0.008 -20"><span class='ocrx_word' id='word_1_1' title='bbox 218 185 397 241; x_wconf 83' lang='lat' dir='ltr'><strong>Prooemium</strong></span> <span class='ocrx_word' id='word_1_2' title='bbox 413 188 481 244; x_wconf 84' lang='lat' dir='ltr'>libri</span> <span class='ocrx_word' id='word_1_3' title='bbox 498 189 533 244; x_wconf 90' lang='lat' dir='ltr'>de</span> <span class='ocrx_word' id='word_1_4' title='bbox 551 188 766 260; x_wconf 80' lang='lat' dir='ltr'>Magistratibus</span> <span class='ocrx_word' id='word_1_5' title='bbox 784 189 927 247; x_wconf 84' lang='lat' dir='ltr'>Romanis.</span> <span class='ocrx_word' id='word_1_6' title='bbox 1036 191 1080 256; x_wconf 84' lang='lat'>59</span> 
     </span>
    </p>
   </div>
   <div class='ocr_carea' id='block_1_2' title="bbox 56 349 1122 2565">
    <p class='ocr_par' dir='ltr' id='par_1_2' title="bbox 56 349 1122 2565">
     <span class='ocr_line' id='line_1_2' title="bbox 58 349 1080 436; baseline 0.004 -23"><span class='ocrx_word' id='word_1_7' title='bbox 58 371 160 434; x_wconf 86' lang='lat' dir='ltr'>mum,</span> <span class='ocrx_word' id='word_1_8' title='bbox 183 371 290 434; x_wconf 86' lang='lat' dir='ltr'>neque</span> <span class='ocrx_word' id='word_1_9' title='bbox 313 349 464 433; x_wconf 81' lang='lat' dir='ltr'>cuiquam</span> <span class='ocrx_word' id='word_1_10' title='bbox 486 355 614 416; x_wconf 91' lang='lat' dir='ltr'>tantum</span> <span class='ocrx_word' id='word_1_11' title='bbox 637 352 693 416; x_wconf 93' lang='lat' dir='ltr'>uni</span> <span class='ocrx_word' id='word_1_12' title='bbox 717 352 945 436; x_wconf 88' lang='lat' dir='ltr'>committitur,</span> <span class='ocrx_word' id='word_1_13' title='bbox 968 358 1005 417; x_wconf 91' lang='lat' dir='ltr'>ut</span> <span class='ocrx_word' id='word_1_14' title='bbox 1029 377 1080 418; x_wconf 85' lang='lat' dir='ltr'>ex·</span> 
     </span>
     <span class='ocr_line' id='line_1_3' title="bbox 58 437 1080 526; baseline 0.005 -24"><span class='ocrx_word' id='word_1_15' title='bbox 58 437 278 503; x_wconf 83' lang='lat' dir='ltr'>traordinario</span> <span class='ocrx_word' id='word_1_16' title='bbox 319 438 389 503; x_wconf 93' lang='lat' dir='ltr'>iure</span> <span class='ocrx_word' id='word_1_17' title='bbox 429 439 531 504; x_wconf 89' lang='lat' dir='ltr'>elatus</span> <span class='ocrx_word' id='word_1_18' title='bbox 567 439 714 504; x_wconf 74' lang='lat' dir='ltr'>libertati</span> <span class='ocrx_word' id='word_1_19' title='bbox 750 441 975 526; x_wconf 76' lang='lat' dir='ltr'>communique</span> <span class='ocrx_word' id='word_1_20' title='bbox 1013 442 1080 508; x_wconf 89' lang='lat' dir='ltr'>otio</span> 
     </span>
     <span class='ocr_line' id='line_1_4' title="bbox 58 526 1081 615; baseline 0.002 -22"><span class='ocrx_word' id='word_1_21' title='bbox 58 527 169 593; x_wconf 90' lang='lat' dir='ltr'>moliri</span> <span class='ocrx_word' id='word_1_22' title='bbox 193 526 376 612; x_wconf 89' lang='lat' dir='ltr'>periculum</span> <span class='ocrx_word' id='word_1_23' title='bbox 398 527 512 610; x_wconf 80' lang='lat' dir='ltr'>possit.</span> <span class='ocrx_word' id='word_1_24' title='bbox 558 551 621 612; x_wconf 89' lang='lat' dir='ltr'>qua</span> <span class='ocrx_word' id='word_1_25' title='bbox 639 529 859 593; x_wconf 82' lang='lat' dir='ltr'>moderatione</span> <span class='ocrx_word' id='word_1_26' title='bbox 877 531 999 594; x_wconf 90' lang='lat' dir='ltr'>factum</span> <span class='ocrx_word' id='word_1_27' title='bbox 1023 536 1081 615; x_wconf 89' lang='lat' dir='ltr'>est,</span> 
     </span>
     <span class='ocr_line' id='line_1_5' title="bbox 58 614 1081 705; baseline 0.002 -25"><span class='ocrx_word' id='word_1_28' title='bbox 58 620 96 680; x_wconf 92' lang='lat' dir='ltr'>ut</span> <span class='ocrx_word' id='word_1_29' title='bbox 124 619 203 701; x_wconf 89' lang='lat' dir='ltr'>post</span> <span class='ocrx_word' id='word_1_30' title='bbox 224 637 338 685; x_wconf 80' lang='lat' dir='ltr'>‚annos</span> <span class='ocrx_word' id='word_1_31' title='bbox 364 614 532 681; x_wconf 74' lang='lat' dir='ltr'>Muxxsv</span> <span class='ocrx_word' id='word_1_32' title='bbox 559 617 625 705; x_wconf 82' lang='lat' dir='ltr'>(tot</span> <span class='ocrx_word' id='word_1_33' title='bbox 653 617 739 680; x_wconf 91' lang='lat' dir='ltr'>enim</span> <span class='ocrx_word' id='word_1_34' title='bbox 767 619 808 680; x_wconf 88' lang='lat' dir='ltr'>ab</span> <span class='ocrx_word' id='word_1_35' title='bbox 838 618 918 681; x_wconf 89' lang='lat' dir='ltr'>urbe</span> <span class='ocrx_word' id='word_1_36' title='bbox 952 618 1081 682; x_wconf 89' lang='lat' dir='ltr'>condita</span> 
     </span>
     <span class='ocr_line' id='line_1_6' title="bbox 56 701 1121 791; baseline -0.001 -20"><span class='ocrx_word' id='word_1_37' title='bbox 56 701 289 791; x_wconf 87' lang='lat' dir='ltr'>numerantur)</span> <span class='ocrx_word' id='word_1_38' title='bbox 306 726 373 769; x_wconf 95' lang='lat' dir='ltr'>non</span> <span class='ocrx_word' id='word_1_39' title='bbox 390 704 486 769; x_wconf 94' lang='lat' dir='ltr'>modo</span> <span class='ocrx_word' id='word_1_40' title='bbox 505 704 689 789; x_wconf 79' lang='lat' dir='ltr'>respublica</span> <span class='ocrx_word' id='word_1_41' title='bbox 707 705 759 790; x_wconf 87' lang='lat' dir='ltr'>sit,</span> <span class='ocrx_word' id='word_1_42' title='bbox 782 728 895 770; x_wconf 86' lang='lat' dir='ltr'>uerum</span> <span class='ocrx_word' id='word_1_43' title='bbox 918 706 1016 771; x_wconf 89' lang='lat' dir='ltr'>etiam</span> <span class='ocrx_word' id='word_1_44' title='bbox 1034 707 1081 771; x_wconf 92' lang='lat' dir='ltr'>ita</span> <span class='ocrx_word' id='word_1_45' title='bbox 1107 730 1121 770; x_wconf 77' lang='lat' dir='ltr'>e</span> 
     </span>
     <span class='ocr_line' id='line_1_7' title="bbox 58 793 1080 881; baseline 0 -23"><span class='ocrx_word' id='word_1_46' title='bbox 58 794 112 877; x_wconf 87' lang='lat' dir='ltr'>sit,</span> <span class='ocrx_word' id='word_1_47' title='bbox 135 798 174 858; x_wconf 92' lang='lat' dir='ltr'>ut</span> <span class='ocrx_word' id='word_1_48' title='bbox 198 793 352 858; x_wconf 87' lang='lat' dir='ltr'>omnibus</span> <span class='ocrx_word' id='word_1_49' title='bbox 374 794 624 878; x_wconf 88' lang='lat' dir='ltr'>rebuspublicis,</span> <span class='ocrx_word' id='word_1_50' title='bbox 647 816 729 879; x_wconf 92' lang='lat' dir='ltr'>quae</span> <span class='ocrx_word' id='word_1_51' title='bbox 747 817 833 859; x_wconf 93' lang='lat' dir='ltr'>nunc</span> <span class='ocrx_word' id='word_1_52' title='bbox 851 800 936 877; x_wconf 90' lang='lat' dir='ltr'>sunt,</span> <span class='ocrx_word' id='word_1_53' title='bbox 958 796 1080 881; x_wconf 87' lang='lat' dir='ltr'>magni-</span> 
     </span>
     <span class='ocr_line' id='line_1_8' title="bbox 59 881 1080 967; baseline 0.002 -21"><span class='ocrx_word' id='word_1_54' title='bbox 59 881 173 947; x_wconf 87' lang='lat' dir='ltr'>tudine</span> <span class='ocrx_word' id='word_1_55' title='bbox 198 904 308 966; x_wconf 90' lang='lat' dir='ltr'>opum,</span> <span class='ocrx_word' id='word_1_56' title='bbox 331 882 372 946; x_wconf 91' lang='lat' dir='ltr'>iis</span> <span class='ocrx_word' id='word_1_57' title='bbox 394 887 516 967; x_wconf 88' lang='lat' dir='ltr'>autem,</span> <span class='ocrx_word' id='word_1_58' title='bbox 540 905 622 967; x_wconf 91' lang='lat' dir='ltr'>quae</span> <span class='ocrx_word' id='word_1_59' title='bbox 644 884 784 967; x_wconf 79' lang='lat' dir='ltr'>fuerimt,</span> <span class='ocrx_word' id='word_1_60' title='bbox 807 884 936 967; x_wconf 88' lang='lat' dir='ltr'>imperii</span> <span class='ocrx_word' id='word_1_61' title='bbox 959 884 1080 948; x_wconf 87' lang='lat' dir='ltr'>diutur-</span> 
     </span>
     <span class='ocr_line' id='line_1_9' title="bbox 58 969 1081 1058; baseline 0.003 -24"><span class='ocrx_word' id='word_1_62' title='bbox 58 971 164 1035; x_wconf 83' lang='lat' dir='ltr'>nitate</span> <span class='ocrx_word' id='word_1_63' title='bbox 188 969 370 1035; x_wconf 88' lang='lat' dir='ltr'>anteoellat.</span> <span class='ocrx_word' id='word_1_64' title='bbox 417 993 498 1055; x_wconf 90' lang='lat' dir='ltr'>quae</span> <span class='ocrx_word' id='word_1_65' title='bbox 522 972 642 1056; x_wconf 89' lang='lat' dir='ltr'>quibus</span> <span class='ocrx_word' id='word_1_66' title='bbox 665 972 825 1037; x_wconf 88' lang='lat' dir='ltr'>institutis</span> <span class='ocrx_word' id='word_1_67' title='bbox 853 995 889 1037; x_wconf 89' lang='lat' dir='ltr'>ao</span> <span class='ocrx_word' id='word_1_68' title='bbox 912 971 1081 1058; x_wconf 85' lang='lat' dir='ltr'>magistra-</span> 
     </span>
     <span class='ocr_line' id='line_1_10' title="bbox 59 1058 1081 1145; baseline 0 -20"><span class='ocrx_word' id='word_1_69' title='bbox 59 1060 152 1125; x_wconf 87' lang='lat' dir='ltr'>tibus</span> <span class='ocrx_word' id='word_1_70' title='bbox 186 1081 246 1124; x_wconf 89' lang='lat' dir='ltr'>usa</span> <span class='ocrx_word' id='word_1_71' title='bbox 277 1060 320 1123; x_wconf 89' lang='lat' dir='ltr'>ab</span> <span class='ocrx_word' id='word_1_72' title='bbox 353 1058 469 1124; x_wconf 90' lang='lat' dir='ltr'>humili</span> <span class='ocrx_word' id='word_1_73' title='bbox 502 1061 656 1144; x_wconf 90' lang='lat' dir='ltr'>tenuique</span> <span class='ocrx_word' id='word_1_74' title='bbox 688 1060 850 1145; x_wconf 91' lang='lat' dir='ltr'>principio</span> <span class='ocrx_word' id='word_1_75' title='bbox 884 1061 924 1124; x_wconf 89' lang='lat' dir='ltr'>ad</span> <span class='ocrx_word' id='word_1_76' title='bbox 955 1065 1081 1125; x_wconf 89' lang='lat' dir='ltr'>tantam</span> 
     </span>
     <span class='ocr_line' id='line_1_11' title="bbox 59 1148 1122 1236; baseline -0.001 -23"><span class='ocrx_word' id='word_1_77' title='bbox 59 1148 258 1236; x_wconf 83' lang='lat' dir='ltr'>dignitatem</span> <span class='ocrx_word' id='word_1_78' title='bbox 280 1153 379 1232; x_wconf 90' lang='lat' dir='ltr'>atque</span> <span class='ocrx_word' id='word_1_79' title='bbox 403 1148 649 1233; x_wconf 88' lang='lat' dir='ltr'>amplitudinem</span> <span class='ocrx_word' id='word_1_80' title='bbox 677 1149 875 1233; x_wconf 89' lang='lat' dir='ltr'>peruenerit,</span> <span class='ocrx_word' id='word_1_81' title='bbox 901 1171 1007 1234; x_wconf 86' lang='lat' dir='ltr'>neque</span> <span class='ocrx_word' id='word_1_82' title='bbox 1031 1154 1122 1214; x_wconf 88' lang='lat' dir='ltr'>est1o</span> 
     </span>
     <span class='ocr_line' id='line_1_12' title="bbox 57 1236 1080 1324; baseline -0.002 -20"><span class='ocrx_word' id='word_1_83' title='bbox 57 1239 112 1304; x_wconf 92' lang='lat' dir='ltr'>hic</span> <span class='ocrx_word' id='word_1_84' title='bbox 135 1236 291 1303; x_wconf 84' lang='lat' dir='ltr'>narrandi</span> <span class='ocrx_word' id='word_1_85' title='bbox 313 1238 404 1303; x_wconf 88' lang='lat' dir='ltr'>locus</span> <span class='ocrx_word' id='word_1_86' title='bbox 427 1242 460 1302; x_wconf 90' lang='lat' dir='ltr'>et</span> <span class='ocrx_word' id='word_1_87' title='bbox 482 1239 545 1303; x_wconf 93' lang='lat' dir='ltr'>hoc</span> <span class='ocrx_word' id='word_1_88' title='bbox 567 1243 793 1324; x_wconf 83' lang='lat' dir='ltr'>argumentum</span> <span class='ocrx_word' id='word_1_89' title='bbox 820 1238 882 1302; x_wconf 87' lang='lat' dir='ltr'>uiri</span> <span class='ocrx_word' id='word_1_90' title='bbox 911 1239 1080 1322; x_wconf 87' lang='lat' dir='ltr'>sapientis-</span> 
     </span>
     <span class='ocr_line' id='line_1_13' title="bbox 59 1326 1080 1410; baseline -0.002 -18"><span class='ocrx_word' id='word_1_91' title='bbox 59 1327 136 1392; x_wconf 86' lang='lat' dir='ltr'>simi</span> <span class='ocrx_word' id='word_1_92' title='bbox 154 1327 204 1391; x_wconf 88' lang='lat' dir='ltr'>ita</span> <span class='ocrx_word' id='word_1_93' title='bbox 220 1348 288 1391; x_wconf 92' lang='lat' dir='ltr'>non</span> <span class='ocrx_word' id='word_1_94' title='bbox 306 1326 402 1391; x_wconf 92' lang='lat' dir='ltr'>modo</span> <span class='ocrx_word' id='word_1_95' title='bbox 422 1327 561 1410; x_wconf 89' lang='lat' dir='ltr'>copiose,</span> <span class='ocrx_word' id='word_1_96' title='bbox 584 1348 698 1391; x_wconf 91' lang='lat' dir='ltr'>uerum</span> <span class='ocrx_word' id='word_1_97' title='bbox 717 1327 815 1391; x_wconf 88' lang='lat' dir='ltr'>etiam</span> <span class='ocrx_word' id='word_1_98' title='bbox 834 1331 944 1390; x_wconf 90' lang='lat' dir='ltr'>ornate</span> <span class='ocrx_word' id='word_1_99' title='bbox 964 1327 1080 1410; x_wconf 91' lang='lat' dir='ltr'>perite-</span> 
     </span>
     <span class='ocr_line' id='line_1_14' title="bbox 59 1414 1080 1501; baseline -0.003 -20"><span class='ocrx_word' id='word_1_100' title='bbox 59 1438 124 1500; x_wconf 91' lang='lat' dir='ltr'>que</span> <span class='ocrx_word' id='word_1_101' title='bbox 149 1419 345 1498; x_wconf 86' lang='lat' dir='ltr'>tractarunt,</span> <span class='ocrx_word' id='word_1_102' title='bbox 372 1419 418 1499; x_wconf 89' lang='lat' dir='ltr'>ut,</span> <span class='ocrx_word' id='word_1_103' title='bbox 442 1415 470 1480; x_wconf 89' lang='lat' dir='ltr'>si</span> <span class='ocrx_word' id='word_1_104' title='bbox 493 1414 571 1498; x_wconf 91' lang='lat' dir='ltr'>quid</span> <span class='ocrx_word' id='word_1_105' title='bbox 593 1414 675 1479; x_wconf 89' lang='lat' dir='ltr'>uelis</span> <span class='ocrx_word' id='word_1_106' title='bbox 703 1415 891 1501; x_wconf 86' lang='lat' dir='ltr'>adiungere,</span> <span class='ocrx_word' id='word_1_107' title='bbox 918 1415 1004 1479; x_wconf 91' lang='lat' dir='ltr'>idem</span> <span class='ocrx_word' id='word_1_108' title='bbox 1028 1415 1080 1498; x_wconf 88' lang='lat' dir='ltr'>sit,</span> 
     </span>
     <span class='ocr_line' id='line_1_15' title="bbox 58 1503 1080 1590; baseline -0.003 -21"><span class='ocrx_word' id='word_1_109' title='bbox 58 1527 96 1569; x_wconf 87' lang='lat' dir='ltr'>ac</span> <span class='ocrx_word' id='word_1_110' title='bbox 120 1504 150 1568; x_wconf 88' lang='lat' dir='ltr'>si</span> <span class='ocrx_word' id='word_1_111' title='bbox 174 1503 211 1568; x_wconf 91' lang='lat' dir='ltr'>in</span> <span class='ocrx_word' id='word_1_112' title='bbox 232 1503 361 1588; x_wconf 83' lang='lat' dir='ltr'>Apellis</span> <span class='ocrx_word' id='word_1_113' title='bbox 384 1504 493 1588; x_wconf 87' lang='lat' dir='ltr'>aliqua</span> <span class='ocrx_word' id='word_1_114' title='bbox 515 1503 750 1587; x_wconf 83' lang='lat' dir='ltr'>perfectissima</span> <span class='ocrx_word' id='word_1_115' title='bbox 773 1503 923 1590; x_wconf 82' lang='lat' dir='ltr'>imagine,</span> <span class='ocrx_word' id='word_1_116' title='bbox 947 1508 1027 1586; x_wconf 90' lang='lat' dir='ltr'>puta</span> <span class='ocrx_word' id='word_1_117' title='bbox 1046 1504 1080 1566; x_wconf 93' lang='lat' dir='ltr'>in</span> 
     </span>
     <span class='ocr_line' id='line_1_16' title="bbox 57 1591 1122 1678; baseline -0.002 -21"><span class='ocrx_word' id='word_1_118' title='bbox 57 1593 188 1658; x_wconf 84' lang='lat' dir='ltr'>Venere</span> <span class='ocrx_word' id='word_1_119' title='bbox 211 1592 269 1657; x_wconf 88' lang='lat' dir='ltr'>illa</span> <span class='ocrx_word' id='word_1_120' title='bbox 287 1591 362 1678; x_wconf 78' lang='lat' dir='ltr'>coa,</span> <span class='ocrx_word' id='word_1_121' title='bbox 385 1593 539 1657; x_wconf 89' lang='lat' dir='ltr'>elabores.</span> <span class='ocrx_word' id='word_1_122' title='bbox 576 1592 683 1659; x_wconf 88' lang='lat' dir='ltr'>Nobis</span> <span class='ocrx_word' id='word_1_123' title='bbox 700 1593 846 1657; x_wconf 88' lang='lat' dir='ltr'>Romana</span> <span class='ocrx_word' id='word_1_124' title='bbox 869 1592 984 1656; x_wconf 90' lang='lat' dir='ltr'>ciuitas</span> <span class='ocrx_word' id='word_1_125' title='bbox 1007 1614 1122 1674; x_wconf 81' lang='lat' dir='ltr'>pro-15</span> 
     </span>
     <span class='ocr_line' id='line_1_17' title="bbox 58 1680 1080 1766; baseline -0.004 -20"><span class='ocrx_word' id='word_1_126' title='bbox 58 1680 171 1766; x_wconf 88' lang='lat' dir='ltr'>posita</span> <span class='ocrx_word' id='word_1_127' title='bbox 205 1685 263 1746; x_wconf 88' lang='lat' dir='ltr'>est.</span> <span class='ocrx_word' id='word_1_128' title='bbox 318 1703 400 1765; x_wconf 88' lang='lat' dir='ltr'>quae</span> <span class='ocrx_word' id='word_1_129' title='bbox 434 1703 531 1765; x_wconf 89' lang='lat' dir='ltr'>quam</span> <span class='ocrx_word' id='word_1_130' title='bbox 562 1681 681 1746; x_wconf 89' lang='lat' dir='ltr'>multas</span> <span class='ocrx_word' id='word_1_131' title='bbox 713 1680 866 1744; x_wconf 91' lang='lat' dir='ltr'>habuerit</span> <span class='ocrx_word' id='word_1_132' title='bbox 897 1684 1007 1763; x_wconf 90' lang='lat' dir='ltr'>partes</span> <span class='ocrx_word' id='word_1_133' title='bbox 1039 1680 1080 1743; x_wconf 87' lang='lat' dir='ltr'>ad</span> 
     </span>
     <span class='ocr_line' id='line_1_18' title="bbox 58 1767 1079 1856; baseline -0.005 -20"><span class='ocrx_word' id='word_1_134' title='bbox 58 1770 256 1836; x_wconf 88' lang='lat' dir='ltr'>imitandum</span> <span class='ocrx_word' id='word_1_135' title='bbox 280 1770 474 1856; x_wconf 81' lang='lat' dir='ltr'>praeclarae,</span> <span class='ocrx_word' id='word_1_136' title='bbox 504 1791 544 1833; x_wconf 82' lang='lat' dir='ltr'>ex</span> <span class='ocrx_word' id='word_1_137' title='bbox 568 1792 605 1835; x_wconf 91' lang='lat' dir='ltr'>eo</span> <span class='ocrx_word' id='word_1_138' title='bbox 630 1773 730 1854; x_wconf 88' lang='lat' dir='ltr'>patet,</span> <span class='ocrx_word' id='word_1_139' title='bbox 753 1768 839 1853; x_wconf 91' lang='lat' dir='ltr'>quod</span> <span class='ocrx_word' id='word_1_140' title='bbox 861 1770 908 1834; x_wconf 89' lang='lat' dir='ltr'>ita</span> <span class='ocrx_word' id='word_1_141' title='bbox 931 1767 1018 1832; x_wconf 91' lang='lat' dir='ltr'>bello</span> <span class='ocrx_word' id='word_1_142' title='bbox 1043 1789 1079 1831; x_wconf 89' lang='lat' dir='ltr'>ac</span> 
     </span>
     <span class='ocr_line' id='line_1_19' title="bbox 56 1857 1079 1945; baseline -0.002 -22"><span class='ocrx_word' id='word_1_143' title='bbox 56 1881 140 1945; x_wconf 82' lang='lat' dir='ltr'>pace</span> <span class='ocrx_word' id='word_1_144' title='bbox 163 1857 288 1945; x_wconf 82' lang='lat' dir='ltr'>uiguit,</span> <span class='ocrx_word' id='word_1_145' title='bbox 316 1862 354 1923; x_wconf 90' lang='lat' dir='ltr'>ut</span> <span class='ocrx_word' id='word_1_146' title='bbox 381 1858 469 1923; x_wconf 87' lang='lat' dir='ltr'>illius</span> <span class='ocrx_word' id='word_1_147' title='bbox 496 1858 565 1923; x_wconf 90' lang='lat' dir='ltr'>uim</span> <span class='ocrx_word' id='word_1_148' title='bbox 588 1864 621 1923; x_wconf 90' lang='lat' dir='ltr'>et</span> <span class='ocrx_word' id='word_1_149' title='bbox 648 1858 829 1943; x_wconf 87' lang='lat' dir='ltr'>potentiam</span> <span class='ocrx_word' id='word_1_150' title='bbox 853 1879 963 1922; x_wconf 89' lang='lat' dir='ltr'>omnes</span> <span class='ocrx_word' id='word_1_151' title='bbox 986 1877 1079 1943; x_wconf 82' lang='lat' dir='ltr'>reges</span> 
     </span>
     <span class='ocr_line' id='line_1_20' title="bbox 56 1945 1079 2034; baseline -0.006 -20"><span class='ocrx_word' id='word_1_152' title='bbox 56 1948 242 2034; x_wconf 90' lang='lat' dir='ltr'>populique</span> <span class='ocrx_word' id='word_1_153' title='bbox 272 1947 532 2032; x_wconf 82' lang='lat' dir='ltr'>extimescerent,</span> <span class='ocrx_word' id='word_1_154' title='bbox 564 1947 763 2032; x_wconf 86' lang='lat' dir='ltr'>aequitatem</span> <span class='ocrx_word' id='word_1_155' title='bbox 787 1952 820 2011; x_wconf 88' lang='lat' dir='ltr'>et</span> <span class='ocrx_word' id='word_1_156' title='bbox 848 1945 1079 2011; x_wconf 86' lang='lat' dir='ltr'>abstinentiam</span> 
     </span>
     <span class='ocr_line' id='line_1_21' title="bbox 57 2036 1120 2122; baseline -0.006 -19"><span class='ocrx_word' id='word_1_157' title='bbox 57 2037 228 2104; x_wconf 87' lang='lat' dir='ltr'>subiectae</span> <span class='ocrx_word' id='word_1_158' title='bbox 251 2036 350 2101; x_wconf 90' lang='lat' dir='ltr'>urbes</span> <span class='ocrx_word' id='word_1_159' title='bbox 372 2036 584 2120; x_wconf 90' lang='lat' dir='ltr'>nationesque</span> <span class='ocrx_word' id='word_1_160' title='bbox 607 2036 796 2122; x_wconf 74' lang='lat' dir='ltr'>diligerent.¹</span> <span class='ocrx_word' id='word_1_161' title='bbox 829 2036 968 2100; x_wconf 88' lang='lat' dir='ltr'>formam</span> <span class='ocrx_word' id='word_1_162' title='bbox 991 2056 1078 2098; x_wconf 89' lang='lat' dir='ltr'>sena·</span> <span class='ocrx_word' id='word_1_163' title='bbox 1092 2057 1120 2097; x_wconf 77' lang='lat' dir='ltr'>ao</span> 
     </span>
     <span class='ocr_line' id='line_1_22' title="bbox 57 2121 1079 2213; baseline -0.008 -20"><span class='ocrx_word' id='word_1_164' title='bbox 57 2132 127 2213; x_wconf 86' lang='lat' dir='ltr'>tus,</span> <span class='ocrx_word' id='word_1_165' title='bbox 160 2126 249 2211; x_wconf 91' lang='lat' dir='ltr'>quod</span> <span class='ocrx_word' id='word_1_166' title='bbox 284 2125 318 2189; x_wconf 92' lang='lat' dir='ltr'>in</span> <span class='ocrx_word' id='word_1_167' title='bbox 354 2147 392 2189; x_wconf 90' lang='lat' dir='ltr'>ea</span> <span class='ocrx_word' id='word_1_168' title='bbox 425 2125 595 2209; x_wconf 92' lang='lat' dir='ltr'>publicum</span> <span class='ocrx_word' id='word_1_169' title='bbox 627 2125 797 2189; x_wconf 90' lang='lat' dir='ltr'>consilium</span> <span class='ocrx_word' id='word_1_170' title='bbox 828 2124 904 2208; x_wconf 85' lang='lat' dir='ltr'>fuit,</span> <span class='ocrx_word' id='word_1_171' title='bbox 934 2121 1079 2187; x_wconf 87' lang='lat' dir='ltr'>ordinem</span> 
     </span>
     <span class='ocr_line' id='line_1_23' title="bbox 57 2209 1078 2300; baseline -0.009 -18"><span class='ocrx_word' id='word_1_172' title='bbox 57 2216 276 2298; x_wconf 89' lang='lat' dir='ltr'>comitiorum,</span> <span class='ocrx_word' id='word_1_173' title='bbox 294 2213 366 2277; x_wconf 89' lang='lat' dir='ltr'>iura</span> <span class='ocrx_word' id='word_1_174' title='bbox 382 2214 493 2300; x_wconf 83' lang='lat' dir='ltr'>legum</span> <span class='ocrx_word' id='word_1_175' title='bbox 506 2213 613 2278; x_wconf 89' lang='lat' dir='ltr'>tribus</span> <span class='ocrx_word' id='word_1_176' title='bbox 626 2213 720 2278; x_wconf 88' lang='lat' dir='ltr'>libris</span> <span class='ocrx_word' id='word_1_177' title='bbox 735 2211 951 2296; x_wconf 87' lang='lat' dir='ltr'>exposuimus.</span> <span class='ocrx_word' id='word_1_178' title='bbox 983 2209 1078 2276; x_wconf 90' lang='lat' dir='ltr'>Nunc</span> 
     </span>
     <span class='ocr_line' id='line_1_24' title="bbox 58 2298 1078 2391; baseline -0.007 -22"><span class='ocrx_word' id='word_1_179' title='bbox 58 2306 96 2370; x_wconf 91' lang='lat' dir='ltr'>de</span> <span class='ocrx_word' id='word_1_180' title='bbox 130 2302 382 2391; x_wconf 84' lang='lat' dir='ltr'>magistratibus</span> <span class='ocrx_word' id='word_1_181' title='bbox 418 2323 596 2386; x_wconf 87' lang='lat' dir='ltr'>eorumque</span> <span class='ocrx_word' id='word_1_182' title='bbox 632 2306 794 2385; x_wconf 88' lang='lat' dir='ltr'>potestate</span> <span class='ocrx_word' id='word_1_183' title='bbox 832 2298 1078 2384; x_wconf 88' lang='lat' dir='ltr'>disputabimus,</span> 
     </span>
     <span class='ocr_line' id='line_1_25' title="bbox 56 2385 1078 2478; baseline -0.012 -18"><span class='ocrx_word' id='word_1_184' title='bbox 56 2399 142 2478; x_wconf 88' lang='lat' dir='ltr'>tum,</span> <span class='ocrx_word' id='word_1_185' title='bbox 171 2393 249 2477; x_wconf 91' lang='lat' dir='ltr'>quia</span> <span class='ocrx_word' id='word_1_186' title='bbox 276 2392 367 2456; x_wconf 88' lang='lat' dir='ltr'>locus</span> <span class='ocrx_word' id='word_1_187' title='bbox 389 2391 461 2475; x_wconf 90' lang='lat' dir='ltr'>ipse</span> <span class='ocrx_word' id='word_1_188' title='bbox 484 2391 635 2455; x_wconf 90' lang='lat' dir='ltr'>admonet</span> <span class='ocrx_word' id='word_1_189' title='bbox 663 2389 738 2478; x_wconf 90' lang='lat' dir='ltr'>(hoo</span> <span class='ocrx_word' id='word_1_190' title='bbox 762 2390 848 2454; x_wconf 90' lang='lat' dir='ltr'>enim</span> <span class='ocrx_word' id='word_1_191' title='bbox 874 2387 1005 2474; x_wconf 82' lang='lat' dir='ltr'>legibus</span> <span class='ocrx_word' id='word_1_192' title='bbox 1027 2385 1078 2449; x_wconf 88' lang='lat' dir='ltr'>ad-</span> 
     </span>
     <span class='ocr_line' id='line_1_26' title="bbox 56 2475 1119 2565; baseline -0.008 -16"><span class='ocrx_word' id='word_1_193' title='bbox 56 2484 208 2549; x_wconf 90' lang='lat' dir='ltr'>iunctum</span> <span class='ocrx_word' id='word_1_194' title='bbox 236 2484 270 2546; x_wconf 89' lang='lat' dir='ltr'>et</span> <span class='ocrx_word' id='word_1_195' title='bbox 296 2484 465 2563; x_wconf 86' lang='lat' dir='ltr'>tamquam</span> <span class='ocrx_word' id='word_1_196' title='bbox 492 2479 653 2543; x_wconf 84' lang='lat' dir='ltr'>adnexum</span> <span class='ocrx_word' id='word_1_197' title='bbox 682 2477 839 2565; x_wconf 89' lang='lat' dir='ltr'>uidetur),</span> <span class='ocrx_word' id='word_1_198' title='bbox 869 2482 939 2541; x_wconf 90' lang='lat' dir='ltr'>tum</span> <span class='ocrx_word' id='word_1_199' title='bbox 972 2475 1078 2558; x_wconf 89' lang='lat' dir='ltr'>etiam,</span> <span class='ocrx_word' id='word_1_200' title='bbox 1093 2498 1119 2540; x_wconf 77' lang='lat' dir='ltr'>rs</span> 
     </span>
    </p>
   </div>
   <div class='ocr_carea' id='block_1_3' title="bbox 56 2563 1079 2816">
    <p class='ocr_par' dir='ltr' id='par_1_3' title="bbox 56 2563 1079 2816">
     <span class='ocr_line' id='line_1_27' title="bbox 58 2563 1079 2658; baseline -0.009 -21"><span class='ocrx_word' id='word_1_201' title='bbox 58 2573 136 2658; x_wconf 87' lang='lat' dir='ltr'>quia</span> <span class='ocrx_word' id='word_1_202' title='bbox 160 2569 363 2654; x_wconf 82' lang='lat' dir='ltr'>Ciceronem,</span> <span class='ocrx_word' id='word_1_203' title='bbox 387 2567 438 2633; x_wconf 92' lang='lat' dir='ltr'>cui</span> <span class='ocrx_word' id='word_1_204' title='bbox 461 2567 555 2632; x_wconf 89' lang='lat' dir='ltr'>uideo</span> <span class='ocrx_word' id='word_1_205' title='bbox 579 2568 614 2632; x_wconf 92' lang='lat' dir='ltr'>in</span> <span class='ocrx_word' id='word_1_206' title='bbox 636 2567 677 2631; x_wconf 89' lang='lat' dir='ltr'>iis</span> <span class='ocrx_word' id='word_1_207' title='bbox 698 2566 801 2652; x_wconf 86' lang='lat' dir='ltr'>libris,</span> <span class='ocrx_word' id='word_1_208' title='bbox 825 2589 906 2651; x_wconf 88' lang='lat' dir='ltr'>quos</span> <span class='ocrx_word' id='word_1_209' title='bbox 930 2565 968 2628; x_wconf 92' lang='lat' dir='ltr'>de</span> <span class='ocrx_word' id='word_1_210' title='bbox 986 2563 1079 2649; x_wconf 82' lang='lat' dir='ltr'>Legi·</span> 
     </span>
     <span class='ocr_line' id='line_1_28' title="bbox 57 2652 1078 2741; baseline -0.012 -14"><span class='ocrx_word' id='word_1_211' title='bbox 57 2662 119 2726; x_wconf 88' lang='lat' dir='ltr'>bus</span> <span class='ocrx_word' id='word_1_212' title='bbox 144 2657 351 2741; x_wconf 88' lang='lat' dir='ltr'>conscripsit,</span> <span class='ocrx_word' id='word_1_213' title='bbox 373 2657 459 2721; x_wconf 88' lang='lat' dir='ltr'>hunc</span> <span class='ocrx_word' id='word_1_214' title='bbox 482 2657 591 2741; x_wconf 88' lang='lat' dir='ltr'>ipsum</span> <span class='ocrx_word' id='word_1_215' title='bbox 615 2655 759 2720; x_wconf 90' lang='lat' dir='ltr'>ordinem</span> <span class='ocrx_word' id='word_1_216' title='bbox 782 2656 955 2739; x_wconf 88' lang='lat' dir='ltr'>placuisse,</span> <span class='ocrx_word' id='word_1_217' title='bbox 977 2652 1078 2716; x_wconf 90' lang='lat' dir='ltr'>liben-</span> 
     </span>
     <span class='ocr_line' id='line_1_29' title="bbox 56 2749 308 2816; baseline -0.016 -2"><span class='ocrx_word' id='word_1_218' title='bbox 56 2755 105 2816; x_wconf 89' lang='lat' dir='ltr'>ter</span> <span class='ocrx_word' id='word_1_219' title='bbox 130 2749 308 2814; x_wconf 87' lang='lat' dir='ltr'>imitamur.</span> 
     </span>
    </p>
   </div>
   <div class='ocr_carea' id='block_1_4' title="bbox 0 0 1220 3922">
    <p class='ocr_par' dir='ltr' id='par_1_4' title="bbox 0 0 1220 3922">
     <span class='ocr_line' id='line_1_30' title="bbox 0 0 1220 3922; baseline 0 0"><span class='ocrx_word' id='word_1_220' title='bbox 0 0 1220 3922; x_wconf 95' lang='lat' dir='ltr'> </span> 
     </span>
    </p>
   </div>
  </div>
 </body>
</html>
