2400 3922
463 167 679 231 ..41-

60 331 113 410 qui
146 328 247 390 subito
276 331 415 389 universa
443 329 590 409 deiciunt;
621 330 745 410 prodest
773 337 804 391 et
831 330 943 392 dolenti
972 350 1076 412 super·

59 419 194 499 positum
218 425 249 478 et
272 418 490 478 circumdatum
514 417 597 477 denti
620 426 650 478 et
673 420 699 478 si
723 436 831 480 exesus
850 429 904 500 est,
928 422 959 480 in
978 438 1076 482 caver-

59 524 130 568 nam
149 507 216 568 eius
235 508 390 568 insertum.
419 504 510 566 Tollit
526 514 682 585 praeterea
700 507 841 568 horrores
860 507 975 569 febrem
992 526 1077 588 prae·
1169 543 1171 547 .

61 595 219 677 cedentes,
245 602 310 656 tum
334 612 403 655 oum
425 593 498 656 haec
522 596 682 655 circuitum
706 603 822 657 certum
846 595 949 678 habet,
976 597 1078 658 datum

61 692 131 746 ante
162 683 282 765 horam,
314 682 427 744 diutius
459 700 585 763 corpore
618 684 778 763 perfricato
812 703 848 745 ex
881 684 945 746 oleo
973 684 1112 750 calidos

61 772 190 834 Prodest
208 771 324 852 stillis,
344 773 396 850 qui
415 772 478 832 sine
497 770 623 832 horrore
638 772 815 835 circuitibus
829 772 958 834 febrium
971 792 1078 835 vexan-

61 870 128 942 tnr3
150 860 347 940 quamobrem
369 855 560 940 ληξιπύρετος
582 860 656 921 haec
680 863 846 941 conpositio
870 862 988 924 dicitur.

151 947 334 1009 LllllllllVl.
366 948 454 1010 Aliud
478 948 515 1009 ad
539 950 646 1010 tussim
670 950 782 1011 aridam
805 958 835 1011 et
858 950 1006 1030 glutinosa
1029 970 1078 1012 ex-

62 1047 210 1119 creantes,
237 1045 346 1117 purgat
369 1039 458 1098 etiam
480 1039 648 1097 interaneas
672 1041 810 1118 vomicas,
833 1042 1076 1119 suppurationes:

61 1126 130 1188 Lini
153 1127 286 1206 seminis,
309 1127 424 1186 urticae
448 1127 580 1206 seminis,
603 1128 737 1188 nasturci
760 1129 891 1210 seminis,
914 1131 968 1190 iris
986 1128 1078 1210 lllyri-
1098 1145 1132 1194 10

62 1232 114 1278 cae
133 1214 246 1276 radicis
260 1232 354 1293 aequa
371 1213 503 1294 pondera
517 1216 639 1274 misceri
653 1223 771 1294 oportet
785 1234 854 1277 cum
870 1217 957 1278 melle
972 1217 1078 1298 despu-

61 1313 142 1365 mato
166 1310 312 1382 quantum
335 1304 407 1363 satis
431 1305 470 1362 sit
493 1312 523 1362 et
545 1304 719 1382 frequenter
743 1303 888 1365 cocleario
913 1305 992 1365 dare.

152 1389 348 1451 LXllllXVll.
384 1390 427 1450 Ad
450 1390 552 1451 lateris
572 1390 719 1472 dolorem,
742 1393 803 1452 sive
822 1411 889 1453 oum
915 1392 997 1453 febre
1017 1395 1078 1454 sive

62 1483 130 1542 sine
148 1478 233 1540 febre
252 1480 355 1560 luerit,
379 1481 545 1559 conpositio
564 1481 702 1560 mirifica,
726 1498 786 1541 non
804 1482 938 1559 ignorata
957 1481 1078 1560 quidem

61 1569 100 1631 ab
123 1566 344 1648 antiquioribus
366 1576 490 1648 propter
514 1568 650 1648 effectus,
674 1568 726 1629 sed
749 1571 908 1649 praecipue
932 1587 948 1629 a
971 1569 1077 1630 Paccio
1098 1583 1131 1633 15

63 1657 212 1719 Antiocho
227 1655 363 1718 auditore
377 1655 541 1718 Philonidis
555 1655 722 1718 Catinensis
741 1675 799 1718 usu
817 1656 987 1718 inlustrata:
1006 1657 1078 1719 iecit

62 1748 143 1808 enim
165 1763 289 1824 magnos
313 1752 454 1824 quaestus
473 1764 509 1806 ex
528 1763 562 1805 ea
584 1752 708 1825 propter
726 1745 848 1806 crebros
867 1763 1026 1807 successus
1047 1747 1078 1806 in
1147 1794 1150 1801 .

63 1836 143 1896 vitiis
158 1832 349 1894 difficillimis.
378 1832 437 1894 Sed
452 1851 489 1894 ne
503 1833 552 1895 hio
567 1834 687 1914 quidem
701 1833 755 1895 ulli
773 1852 806 1895 se
821 1836 886 1894 vivo
901 1836 1079 1915 conpositio·

62 1941 133 1985 nem
145 1921 241 2004 dedit3
255 1929 323 2001 post
337 1930 464 1983 mortem
478 1931 576 1983 autem
591 1923 656 1983 eius
667 1921 787 1983 Tiberio
798 1921 917 1984 Caesari
930 1942 985 2002 per
996 1922 1079 1984 libel-

62 2011 126 2074 lum
144 2012 291 2090 scriptum
311 2010 347 2071 ad
367 2028 435 2072 enm
454 2006 565 2091 <data>
580 2018 611 2072 et
628 2010 817 2072 bibliothecis
834 2011 962 2092 publicis
981 2014 1078 2092 posita
1097 2025 1132 2074 20

62 2101 147 2162 venit
167 2101 200 2159 in
222 2116 330 2160 manus
353 2106 480 2180 nostras,
504 2117 592 2179 quam
612 2107 697 2161 antea
716 2099 797 2160 nullo
816 2099 903 2160 modo
923 2101 1079 2161 extrahere

61 2190 231 2271 potuimus,
263 2189 399 2267 quamvis
427 2190 525 2249 omnia
553 2188 726 2268 fecerimus,
753 2195 788 2249 ut
816 2189 975 2269 sciremus,
1003 2206 1079 2268 quae

63 2285 152 2339 esset.
189 2275 257 2356 lpse
276 2279 355 2337 enim
375 2276 477 2338 clusus
496 2274 683 2356 conponebat
705 2293 761 2337 nec
780 2275 834 2337 ulli
857 2293 981 2336 suorum
999 2293 1078 2336 com-

62 2364 211 2446 mittebat,
233 2364 319 2445 plura
343 2367 431 2427 etiam
451 2383 539 2444 mam
564 2365 672 2444 recipit
689 2365 817 2442 ipsemet
835 2363 979 2425 contundi
997 2362 1079 2425 iube·

62 2453 114 2516 bat
136 2455 289 2534 pigmenta
312 2453 433 2514 labendi
456 2472 526 2514 suos
549 2471 647 2513 causa.
686 2451 769 2514 llano
792 2460 895 2532 postea
919 2471 974 2514 nos
992 2454 1078 2515 scivi·
1098 2467 1132 2517 25

62 2559 145 2624 mus,
178 2560 268 2622 quam
301 2540 362 2620 [ut]
395 2560 465 2602 sane
493 2543 525 2602 in
557 2541 657 2603 libello
685 2543 749 2622 ipse
777 2543 887 2603 latetur
915 2560 976 2604 non
1003 2561 1019 2603 a
1047 2560 1079 2604 se

63 2633 217 2692 inventam
244 2630 296 2691 sed
324 2648 382 2692 usu
410 2632 560 2691 exactiore
587 2630 813 2712 conprobatam,
841 2631 877 2692 ad
906 2649 982 2710 quae
1009 2633 1080 2693 vitia

64 2728 95 2781 et
113 2737 184 2781 cum
199 2718 309 2799 quibus
328 2727 358 2779 et
374 2718 623 2798 quemadmodum
642 2720 708 2780 data
727 2721 895 2799 proliceret
928 2718 982 2781 Est
1001 2721 1080 2779 enim

138 2894 153 2945 l
173 2887 283 2944 dolenti
301 2888 347 2944 M:
367 2888 527 2944 dolentibus
545 2889 581 2945 n.
651 2895 667 2943 3
686 2889 823 2942 insertum
842 2887 890 2942 M:
907 2887 1027 2942 infertur
1042 2886 1078 2942 R.

67 2967 82 3016 'l
100 2959 286 3029 ληξιπύρετος
303 2959 407 3015 neca:
432 2959 589 3028 lexipyreas
608 2960 635 3014 L
653 2955 851 3027 ἄλεξιπύρετος
869 2956 904 3011 R.
979 2962 1013 3011 10
1030 2973 1080 3010 na·

65 3031 154 3086 :turci
176 3031 217 3085 L:
239 3030 376 3085 nasturcii
397 3031 435 3086 R.
508 3036 540 3085 11
561 3046 624 3084 cum
648 3031 695 3084 M:
721 3032 836 3083 etcum
854 3027 890 3081 R.
965 3033 997 3080 12
1016 3033 1081 3097 post

64 3101 230 3170 hequentsr
247 3100 277 3156 R
293 3102 364 3156 male
381 3101 478 3170 repetit
497 3102 621 3170 oportet,
645 3099 684 3154 M
701 3114 759 3154 non
776 3100 846 3154 item
921 3100 954 3150 15
974 3097 1010 3150 ab
1028 3113 1079 3152 om.

64 3172 107 3227 M.
159 3170 262 3227 Paccio
275 3171 322 3226 M:
341 3171 464 3227 Pacohio
478 3171 519 3238 R:
538 3172 573 3238 cf.
587 3170 650 3225 Gal,
664 3168 744 3238 XHl,
758 3174 819 3224 284.
873 3173 906 3222 16
921 3165 1081 3223 Philonidis

65 3242 112 3297 M:
140 3241 297 3298 Philonidis
320 3242 361 3310 R:
389 3244 424 3310 cf.
444 3241 507 3296 Gal.
526 3240 604 3309 VIII,
629 3247 689 3296 748.
762 3246 797 3295 20
820 3238 857 3292 ad
880 3253 943 3292 eum
967 3255 1017 3294 ota.
1037 3239 1079 3293 M.

64 3312 135 3368 data
148 3313 249 3370 addidi
262 3329 275 3367 e
290 3314 334 3367 M.
380 3328 435 3382 pro
448 3312 542 3381 posita
555 3313 653 3370 coemo.
668 3311 790 3380 positum
804 3310 894 3366 Rbod.
945 3314 980 3364 24
994 3309 1082 3364 etiam

64 3382 170 3440 Ranae
194 3382 269 3439 enim
293 3383 330 3439 n.
408 3389 442 3438 26
466 3398 551 3452 qnam
573 3383 684 3452 scripsi:
713 3397 785 3449 qnae
807 3380 844 3437 R.
916 3381 949 3435 ut
970 3381 1080 3437 inclusi.

65 3453 96 3509 in
109 3455 157 3509 M:
177 3457 208 3510 et
221 3454 257 3510 R.
317 3459 351 3509 27
366 3453 511 3511 inventam
525 3483 559 3494 -
574 3453 776 3522 conprobatam
789 3466 836 3521 epo
850 3467 884 3506 etc
899 3452 947 3505 M:
965 3451 1082 3507 inventa

64 3553 101 3568 ·-
120 3525 297 3596 conprobata
315 3524 351 3580 R.
425 3529 459 3579 28
477 3523 529 3579 Est
546 3523 621 3579 enim
641 3523 690 3577 M:
709 3520 821 3577 Etenim
840 3521 876 3578 R.
