2400 3922
396 108 444 165 VI.
470 109 622 167 Benedicto
641 110 766 166 Aecolto.
1046 113 1085 177 11

28 274 43 313 ι
103 271 179 336 ιιιιοι
200 271 321 337 damus.
367 270 470 336 abditi
495 272 608 336 deinde
631 271 665 336 in
689 273 887 357 cubiculum,
911 297 991 359 quae
1015 275 1086 339 reli-

31 366 35 369 “
103 364 254 443 quaesunt
281 363 356 424 ante
385 381 517 424 coenam
539 361 652 444 horae,
680 382 733 425 eas
757 360 919 427 Ciceronis
948 363 1086 428 lectione

28 454 39 493 ⁵
101 449 298 513 consumimus
345 448 406 512 hac
429 470 489 534 ego
518 453 718 514 meorumst
704 449 941 549 tudiorumt
891 456 941 515 rat
943 451 1016 516 ione
1039 452 1085 516 ita

28 543 37 581 1
99 535 291 622 ιιιοοιοι,ιιι
321 558 392 600 eam
415 536 468 601 uel
491 537 643 601 omnibus
667 536 812 602 omnium
834 538 962 624 Regum
985 541 1085 604 fortu-
1184 615 1186 619 ¹

97 623 133 688 nis
150 630 342 709 anteponam
365 628 397 688 et
421 625 544 690 simul
535 629 585 689 int
571 626 699 690 tardum
718 626 794 690 solit
796 626 926 690 udinem
943 626 1086 710 aliquam
1114 649 1127 690 5

98 718 229 797 spectem,
260 713 318 777 ubi
348 713 472 777 hoct
438 714 505 778 otio
537 714 606 778 sine
635 714 778 777 ulla't
730 738 764 778 ιιι
765 714 926 814 tterpellaJ
918 736 990 779 ione
1019 715 1086 779 diu-

96 801 196 866 tissime
224 803 378 867 fruamur.
426 802 512 885 quod
539 803 686 885 profecto
715 803 867 887 efficiam,
895 803 923 866 si
950 825 1002 867 me
1025 804 1086 867 hoc

95 890 261 954 emendandi
290 893 439 954 ueterum
468 890 571 955 libros
599 912 708 974 onere,
744 913 807 975 quo
840 912 925 955 nunc
957 891 1086 975 quidem

93 978 164 1042 ualde
186 1000 327 1062 premor,
349 978 438 1043 Deus
457 978 574 1062 aliquis
597 979 723 1042 leuarit.
769 979 909 1062 interim,
934 980 1086 1063 quoniam

91 1064 155 1131 hanc
183 1066 349 1150 Spartam,
382 1089 463 1150 quae
494 1067 628 1152 obtigit,
661 1066 806 1131 deserere
837 1068 905 1131 sine
936 1068 1085 1153 ignauiae
1100 1091 1127 1131 ιο

90 1155 255 1238 suspicione
278 1177 346 1219 non
368 1176 554 1239 possumus,
583 1160 731 1219 tueamur
759 1178 829 1219 eam
857 1160 954 1240 atque
978 1157 1086 1240 etiam,

87 1264 107 1305 οι
101 1242 190 1306 fieri
214 1246 335 1326 potest,
358 1265 516 1308 ornemus
554 1264 617 1327 quo
640 1265 726 1307 nuno
748 1243 783 1307 in
801 1266 920 1344 genere
943 1243 1086 1328 aliquan-

87 1333 144 1395 tum
164 1293 365 1415 Ιοιιοιοιιιιιο,
387 1335 487 1414 propt
489 1353 561 1395 erea
584 1331 715 1415 quod''
694 1355 730 1415 ιι,
754 1332 809 1416 qui
833 1333 978 1396 nascenti
994 1353 1086 1396 meae

86 1417 160 1482 laudi
189 1420 299 1483 fauere
330 1419 507 1503 debebant,
538 1421 614 1483 haot
600 1424 694 1484 tenus
725 1421 860 1484 obscure
890 1420 1086 1504 inuidenmt,

84 1528 156 1571 nunc
178 1512 291 1591 aperte
315 1508 414 1572 etiam
435 1508 607 1572 aduersant
593 1511 654 1572 tur.
692 1507 748 1571 sed
770 1531 837 1572 non
859 1508 953 1572 dubit
939 1513 984 1593 to,
1008 1472 1087 1592 quiri
1101 1531 1127 1572 ιο

84 1617 199 1660 omnem
223 1595 487 1660 maleuolentiam
512 1596 645 1660 uirtutis
676 1618 738 1678 ope
761 1596 933 1680 aliquando
958 1619 1086 1679 supere·

83 1705 151 1749 mus
197 1705 298 1768 quare
321 1685 413 1768 haec,
441 1684 503 1748 etsi
526 1689 601 1749 sunt
625 1684 762 1748 molesta
789 1683 961 1767 inprimis
989 1688 1087 1767 atque
1119 1734 1124 1742 .

81 1773 195 1856 acerba,
217 1777 327 1836 tamen
350 1795 416 1837 non
439 1773 632 1857 efficientia
634 1772 752 1836 tmihi
774 1772 893 1836 hoct
859 1771 962 1836 otium
980 1772 1088 1837 minus

81 1859 257 1946 iucundum,
280 1861 387 1925 minus
410 1883 444 1924 re
468 1861 626 1926 dulcet
584 1866 634 1925 sit.
681 1861 764 1925 facio
789 1861 875 1924 enim
893 1865 1086 1946 constanter,

82 1949 159 2032 quod
182 1912 362 2014 doctissimi
390 1949 453 2013 uiri
480 1949 699 2033 praecipiunt,
728 1949 827 2014 utin
853 1949 908 2014 ιιι
879 1950 1028 2014 tteriset
1051 1950 1086 2013 in
1100 1973 1127 2012 ao

79 2035 113 2101 iis
133 2037 251 2102 studiis
274 2037 383 2102 omnia
405 2060 533 2122 ponam,
558 2059 638 2122 quae
660 2060 721 2102 nos
744 2038 892 2102 secundis
915 2038 1012 2102 rebus
1036 2038 1087 2102 de-

79 2124 204 2208 lectare,
235 2125 378 2190 aduersis
408 2125 507 2189 etiam
534 2125 645 2191 iuuare
673 2130 818 2209 possunt.
865 2127 899 2188 in
927 2146 991 2207 qua
1018 2147 1087 2188 sen-

78 2213 174 2279 tentia
196 2213 300 2279 multo
325 2214 496 2278 confirmor
519 2214 636 2300 magis,
662 2236 735 2278 cum
758 2213 920 2297 recordor,
944 2212 978 2275 id
1001 2211 1087 2295 quod

77 2300 156 2366 facio
190 2301 391 2386 saepissime,
428 2307 566 2386 quantae
600 2301 662 2366 tibi
695 2324 789 2366 curae
822 2321 912 2364 meae
944 2300 1087 2365 rationes

77 2389 203 2473 luerint,
228 2411 290 2473 qua
312 2412 364 2454 me
388 2395 592 2473 praesentem
612 2390 814 2455 humanitate
836 2388 996 2474 tractoria,
1019 2389 1087 2473 qui·
1101 2412 1129 2453 ss

76 2477 135 2541 bus
156 2478 327 2542 absentem
351 2479 465 2543 officiis
485 2483 634 2544 ornatum
653 2501 722 2543 esse
741 2478 893 2560 ιιοιιιοιιε,
917 2500 998 2562 quae
1021 2500 1088 2542 non

75 2565 184 2635 uideor
207 2566 288 2631 mihi
310 2566 378 2630 ullo
399 2571 495 2650 pacto
515 2589 610 2650 posse
630 2568 797 2651 sustinere,
819 2566 883 2631 nisi
906 2589 957 2630 me
981 2570 1089 2631 totum

73 2653 112 2718 iis
138 2654 267 2719 artibus
294 2653 420 2736 dedam,
451 2677 532 2739 quae
560 2660 636 2719 sunt
664 2678 731 2720 non
760 2656 855 2719 modo
883 2655 924 2718 ad
951 2656 1089 2719 referen-

73 2742 159 2826 dam,
189 2741 247 2807 sed
276 2742 375 2807 etiam
404 2742 444 2805 ad
472 2743 697 2807 illustrandam
724 2743 863 2829 gratiam
890 2743 1087 2826 aptissimae.

74 2831 160 2914 quod
184 2831 261 2915 quia
283 2853 335 2894 me
359 2831 462 2911 facere
485 2831 642 2917 intelligis
666 2836 698 2896 et
722 2832 811 2917 quia,
834 2836 871 2896 ιιι
890 2831 1086 2896 Octauianus
1100 2851 1127 2893 sc

71 2919 200 3003 scribit,
222 2941 290 2983 non
312 2919 480 2984 existimas
501 2919 582 2984 mihi
605 2942 674 2985 esse
697 2921 899 3004 patiendum,
929 2921 1084 3001 quantum
1144 2936 1157 2940 ’·

70 3007 252 3091 proficiam,
283 3008 408 3072 confido
436 3012 468 3072 te
497 3007 535 3072 de
563 3013 619 3073 tuo
647 3009 682 3073 in
709 3031 760 3072 me
789 3008 895 3072 studio
923 3005 1005 3068 nihil
1034 3004 1085 3067 de-

70 3100 266 3180 tracturum3
295 3095 392 3179 idque
420 3100 456 3159 ut
483 3097 637 3162 faciest
605 3098 666 3161 etsi
688 3119 755 3161 non
778 3094 918 3159 arbitror
941 3115 1009 3157 esse
1032 3115 1085 3157 ne·

69 3184 255 3268 cessarium,
278 3187 388 3248 tamen
410 3207 607 3270 magnopere
630 3190 775 3271 terogo
812 3180 902 3265 Vale,
925 3179 995 3246 Illl
1014 3181 1084 3246 Kal.

68 3271 138 3339 Oct.
157 3270 309 3338 Venetus
333 3271 593 3353 [MDXXXVH]
1102 3289 1128 3330 ιο

160 3470 195 3520 10
217 3463 305 3518 ‘hanc
325 3463 468 3532 Spartam’
489 3464 544 3518 Cic.
565 3463 602 3516 ad
620 3463 678 3519 Att.
698 3463 745 3530 IV,
761 3469 785 3516 6.
