2430 3922
484 184 541 242 XL.
569 184 621 244 Pio
639 188 687 244 IV.
1051 190 1093 255 87

75 370 189 415 rorum
230 346 363 432 scriptis
404 337 603 450 expressam,
644 349 716 433 ipsa
756 350 930 433 posteritas
966 351 1095 417 intuens

77 437 225 523 cupiat'
216 437 273 501 1mi
275 435 347 500 tari.
384 436 531 520 speciosa
549 437 613 502 ista
630 438 781 502 uidentur
804 444 836 502 et
860 444 936 504 sunt
954 441 1095 524 omnino,

75 527 132 593 sed
156 548 177 590 a
195 525 368 609 splendore
387 528 497 588 551555
515 545 610 590 uerae
627 521 732 590 laudis
751 527 878 593 absunt
915 549 990 592 nam
1008 533 1095 593 15555

76 616 183 697 facere
207 635 275 679 non
298 634 338 677 ex
361 612 428 713 115,
442 634 524 696 quae
547 619 800 702 consequuntur,
827 615 915 680 551
905 637 1013 699 rpsum
1036 639 1096 700 per

77 725 110 769 so
133 700 344 787 sapientibus
367 700 447 765 uiris
477 702 616 766 amabile
644 703 780 768 uidetur
827 704 882 788 qui
910 725 983 768 cum
1005 704 1135 770 inno-5

78 795 187 857 center
211 793 387 873 sancteque
410 789 537 873 uiuunt,
563 791 695 856 15151155
718 791 921 892 1111551155
944 793 982 856 de
1005 815 1095 877 prae·

78 880 151 944 miis
181 878 413 980 5551555555
441 839 590 962 probitas
616 880 813 945 mercenaria
839 881 987 945 uideatur
990 886 1095 968 ,a,ut

79 969 103 1034 si
126 967 292 1054 cogitant,
314 988 380 1030 non
403 966 722 1053 511555155555,
748 990 829 1053 quae
852 974 929 1033 sunt
950 932 1095 1034 locoruni

80 1061 109 1121 55
144 1061 335 1139 temporum
367 1055 515 1141 angustis
548 1077 624 1120 sane
661 1057 808 1122 terminis
844 1057 1095 1142 circumscripta,

79 1144 189 1210 oeulos
213 1142 405 1226 demittunt,
432 1144 488 1208 sed
510 1144 551 1209 ad
573 1144 631 1209 illa
653 1144 764 1210 diuina
786 1146 962 1229 suspicient
964 1169 998 1210 es
949 1147 1094 1211 51155-
1110 1172 1135 1212 ιο

78 1238 148 1298 tam-
167 1231 450 1315 immortalemque
474 1232 576 1298 uitam
600 1238 632 1298 et
651 1238 809 1317 expetunt
828 1255 925 1298 unam
946 1238 979 1298 55
998 1256 1095 1299 55551

79 1320 294 1424 expetendam
323 1341 392 1384 esse
420 1342 610 1421 persuasum
637 1322 768 1386 habent.
813 1323 916 1388 11555
902 1327 939 1388 55
968 1345 1095 1407 semper

78 1409 267 1475 institutum
290 1408 436 1492 probast
427 1431 452 1494 1,
475 1410 631 1492 probauit
652 1409 773 1476 Paulus
794 1410 850 1475 1115
872 1409 927 1475 ΙΠ.
952 1411 1095 1476 omnium

79 1497 281 1564 saeculorum
303 1496 459 1561 memoria
481 1496 705 1582 celebrandus,
733 1498 789 1582 qui
816 1499 854 1562 de
877 1500 1018 1564 humano
1042 1521 1104 1585 ge·-

78 1585 316 1652 55155511155
343 1584 550 1668 potissimum
576 1586 707 1651 5515155
734 1587 856 1669 optime
884 1587 1020 1651 meritus
1043 1609 1135 1652 511-15

79 1675 256 1758 1551155551,
285 1671 418 1756 551515
441 1695 500 1738 suo
523 1673 608 1739 Pont
609 1675 718 1739 ifioatu
747 1675 866 1756 effecit,
838 1678 931 1738 tut
953 1679 990 1738 tu
1013 1673 1096 1739 Pon·

79 1764 156 1829 tifex
181 1783 254 1828 esse
274 1781 395 1844 posses.
433 1763 614 1845 probarunt
631 1762 792 1845 hodieque
810 1763 951 1845 probant
937 1762 1096 1827 tsodales

79 1851 202 1936 aliquot
239 1847 304 1932 tui,
341 1869 478 1932 quorum
514 1849 583 1933 alii,
619 1872 685 1914 non
721 1854 758 1914 55
795 1850 894 1936 uulgo
930 1855 1096 1936 uocantur,

80 1938 213 2023 nortui,
246 1937 303 2002 sed
331 1941 368 2001 ut
396 1937 559 2022 sapientes
587 1938 719 2022 propria
747 1938 938 2024 loquuntur,
966 1939 1095 2004 mortali

80 2028 143 2093 uita
108 2025 316 2109 5111151551,
343 2047 430 2090 nunc
457 2026 580 2091 incolae
604 2026 684 2090 caeli
707 2026 840 2110 Deoque
863 2029 1007 2092 fruentes
1029 2051 1096 2093 non
1110 2053 1136 2093 55

81 2120 151 2202 lam,
171 2115 252 2199 quia
269 2118 304 2178 55
322 2112 514 2179 Pontificem
534 2115 663 2180 1555555
665 2135 711 2198 51,
729 2116 880 2200 gaudent,
904 2138 1000 2200 quam
1020 2117 1096 2200 quia

81 2205 241 2271 facturum
268 2222 307 2266 55
329 2202 548 2289 prospiciunt,
576 2224 658 2287 5555
686 2207 762 2268 sunt
790 2207 848 2287 opt
849 2203 914 2267 imo
937 2203 1022 2268 Pont
1023 2203 1095 2267 ifice

82 2291 283 2394 dignissima3
313 2289 370 2354 alii
397 2313 487 2377 uero,
516 2291 660 2356 nondum
688 2312 763 2356 sane
791 2292 833 2355 ab
861 2292 922 2356 1155
949 2291 1095 2356 terrestri

82 2381 212 2445 materia
237 2378 368 2444 discreti
341 2383 452 2444 taut
474 2379 666 2532 simplicemt
682 2401 724 2444 55
725 2384 831 2445 turam
859 2379 1010 2466 assecuti,
1040 2380 1095 2444 sed

83 2467 122 2533 155
143 2467 294 2541 tamen
285 2489 320 2531 15
343 2468 438 2533 torris
466 2472 715 2554 commorantes,
743 2473 780 2533 ut
803 2468 950 2533 bonitate
973 2467 1136 2552 5111551155

84 2577 128 2622 ces
157 2557 287 2622 animos
316 2557 471 2641 referant,
499 2579 565 2622 non
594 2556 689 2621 dubit
675 2560 723 2641 to,
754 2557 873 2640 quint
859 2557 922 2621 tibi
950 2561 1095 2622 nostram

85 2666 224 2710 caussam
248 2644 417 2709 unanimes
436 2646 716 2710 55151555155555
702 2649 822 2710 teost
792 2645 977 2730 studiosius
1000 2645 1095 2731 quod,

85 2735 139 2798 et
130 2757 196 2819 1551
218 2732 343 2798 alumni
365 2737 441 2798 nost
441 2733 469 2797 ri
493 2755 566 2798 5551
589 2733 663 2818 5155,
686 2733 793 2798 officio
811 2755 878 2799 non
901 2697 1095 2799 5515151511-

84 2820 192 2907 dabili,
215 2843 332 2886 uerum
356 2822 454 2888 551515
477 2821 587 2886 debito
611 2784 797 2908 1511555551.
844 2822 922 2887 satis
949 2823 1015 2886 1515
1043 2844 1094 2886 ex-

84 2911 234 2996 agitatae,
275 2910 354 2974 satis
391 2909 537 2993 inopiam
574 2914 607 2974 55
643 2911 718 2975 solit
720 2910 851 2975 5115515
888 2932 1016 2995 passae,
1053 2910 1094 2973 ab
1108 2934 1134 2974 55

85 3000 231 3064 omnibus
260 2997 329 3063 fere
358 2997 567 3082 Principibus
599 2998 765 3084 neglectae
796 2997 961 3081 supplices
991 2997 1094 3061 5155

85 3088 293 3174 confugimus.
331 3086 409 3170 quid
432 3085 603 3170 petentes?
636 3087 810 3151 honestum
834 3085 945 3150 otium.
987 3106 1094 3169 aquo

84 3175 249 3258 petentes?
281 3196 300 3238 a
322 3174 382 3239 Pio
405 3174 571 3239 Pontifioe.
616 3172 695 3240 Pius
718 3197 759 3238 ne
782 3175 837 3238 ille
860 3178 980 3259 noster,
1003 3175 1095 3240 cuius

85 3265 219 3330 animum
243 3284 281 3328 55
299 3268 442 3328 15555515
461 3263 681 3328 saluberrimis
704 3263 888 3347 praeceptis
907 3263 948 3326 51
966 3285 1094 3328 5155515

84 3349 202 3450 laudem
227 3351 502 3418 conformauimus
529 3356 627 3436 atque
642 3351 852 3452 5111111111555,
880 3351 932 3416 551
960 3352 1135 3417 5515155555

85 3437 113 3504 15
132 3441 221 3508 51551
244 3445 353 3506 aetate
360 3439 514 3542 ,atque
504 3463 540 3504 1n
562 3440 651 3504 omni
673 3441 804 3505 fortuna
826 3462 893 3506 non
916 3440 1093 3505 551515111-

85 3530 210 3619 5115155,
239 3529 357 3596 5515
323 3529 423 3595 551515
445 3528 698 3612 perhonorifioae
726 3521 860 3613 fuimus,
888 3529 943 3612 qui
973 3533 1009 3592 55
995 3529 1094 3593 thoe
