2400 3922
468 201 687 272 -37,

70 371 193 442 tepente
221 364 437 425 medicamento
466 364 510 442 [et
542 383 610 426 curn
635 365 757 426 desierit
789 365 932 447 fervere],
960 367 1089 430 adicitur

69 451 230 533 galbanum
253 455 421 514 minutatim
440 454 607 536 diIatatum,
631 473 690 534 quo
709 455 825 516 facilius
849 455 991 537 solvatur,
1014 476 1087 535 pon·

70 542 142 603 dere
166 541 192 601 il
218 550 367 620 quattuor.

161 629 285 691 CCXIII.
331 630 464 691 Alterum
488 631 614 693 rubrum
636 632 895 713 medicamentum,
919 651 977 711 quo
1001 651 1087 693 vena·

69 727 153 781 tores
176 726 314 801 utuntur,
338 720 408 780 facit
425 720 467 779 ad
491 723 572 781 canis
595 739 728 781 morsum
752 729 781 782 et
804 723 937 781 omnium
958 721 1124 799 quadril-5

69 808 195 888 pedum3
218 809 290 868 item
314 815 344 868 et
363 807 399 868 ad
418 808 611 869 offensionem
634 811 666 870 iu
685 811 778 888 stirpe
798 817 828 870 et
847 817 947 870 cetera
966 808 1088 870 vulnera

69 897 248 958 mediocria:
277 897 404 975 Spumae
432 907 589 976 argenteae
617 899 715 978 pondo
745 900 876 978 quinque
903 900 1007 979 semis,
1031 898 1089 959 olei

69 987 180 1046 veteris
203 985 303 1065 pondo
327 985 392 1046 dua.
435 985 513 1046 Haec
533 994 708 1068 coquantur,
728 987 822 1048 donec
843 995 961 1068 coeant3
981 986 1088 1048 deiude

70 1074 201 1134 adicitur
229 1076 307 1134 aeris
340 1092 479 1153 squamae
506 1075 604 1154 pondo
637 1078 725 1137 uncia
753 1084 783 1136 et
810 1078 963 1156 coquitur,
994 1076 1088 1137 donec

70 1162 204 1223 colorem
228 1162 327 1222 rufum
353 1170 462 1244 sumat3
485 1171 588 1242 postea
611 1164 962 1243 adiciturceraepondo
984 1167 1139 1246 triens,1u

70 1253 188 1312 resinae
213 1250 316 1311 frictae
335 1251 434 1331 pondo
453 1252 521 1331 duo,
540 1254 715 1313 ammoniaci
734 1261 843 1332 guttae,
862 1252 997 1330 deposito
1017 1272 1087 1332 pau·

70 1338 164 1418 lisper
178 1339 314 1420 caccabo,
333 1339 431 1419 pondo
447 1340 604 1420 quadram,
623 1348 653 1400 et
672 1358 777 1401 rursus
796 1342 928 1418 reposito
943 1340 979 1400 ad
998 1340 1088 1401 breve

70 1434 191 1508 tempus
223 1435 312 1507 atque
344 1430 454 1488 iterum
482 1427 616 1507 deposito
652 1438 682 1489 et
713 1447 773 1489 non
806 1428 939 1489 fervente
971 1428 1089 1506 galbani

71 1515 160 1577 divisi
182 1518 213 1576 in
240 1519 375 1576 minimas
398 1525 498 1594 partes
521 1517 620 1597 pondo
643 1525 771 1577 sextans.

162 1603 299 1665 CCXIIII.
345 1604 545 1684 Emplastrum
569 1604 678 1666 coloris
701 1607 809 1666 Incerti
837 1605 907 1665 facit
929 1604 966 1665 ad
990 1606 1088 1666 omnia
1107 1618 1139 1669 lt

70 1693 233 1754 mediocria
257 1693 393 1773 vulnera,
417 1694 643 1772 quadrupedum
667 1712 799 1775 morsus,
827 1701 951 1754 contusa
974 1693 1020 1754 vel
1044 1695 1088 1754 iu·

70 1785 132 1843 cisa
157 1781 390 1861 articulamenta,
412 1789 445 1843 ut
463 1783 504 1864 tit,
524 1801 592 1843 cum
612 1783 647 1844 ad
667 1783 785 1844 dentem
805 1784 942 1861 pervenit
960 1800 1087 1862 pugnus.

70 1869 153 1932 Idem
186 1871 223 1930 ad
256 1871 431 1931 furunculos
467 1873 542 1931 mico
575 1872 646 1932 lacit
677 1880 708 1932 et
744 1880 873 1932 strumas
910 1890 1088 1951 omnemque

71 1960 215 2020 duritiem
239 1959 370 2040 discutit,
394 1961 420 2019 si
442 1960 471 2020 id
496 1962 564 2038 quis
586 1969 814 2038 perseveranter
837 1962 968 2040 inponat.
1013 1960 1087 2021 Item

70 2050 243 2109 cicatricem
262 2047 345 2108 ducit
364 2049 472 2108 diutini
490 2047 600 2108 ulceris
624 2057 653 2109 et
671 2052 702 2109 iu
726 2057 822 2110 totum
841 2049 877 2108 ad
897 2051 994 2109 omnia
1012 2049 1088 2110 levia
1106 2061 1139 2113 20

70 2139 102 2197 in
131 2136 297 2197 cotidianos
326 2155 398 2197 usus
426 2136 585 2197 mtrificum
614 2145 671 2198 est:
703 2144 852 2198 tumorem
884 2156 944 2197 non
975 2139 1089 2215 patitur

70 2225 138 2286 fieri
162 2243 259 2304 neque
283 2242 352 2306 pus3
376 2225 488 2306 haeret,
507 2233 541 2286 ut
559 2225 648 2285 fascia
667 2244 727 2285 non
748 2227 787 2286 sit
805 2243 894 2305 opus3
917 2228 947 2284 in
971 2223 1087 2285 balineo

70 2332 132 2374 non
161 2314 287 2374 excidet.
333 2313 395 2374 Hoc
423 2316 521 2392 ipsum
550 2321 607 2394 est,
636 2314 714 2393 quod
744 2321 777 2374 tu
801 2313 990 2374 desiderasti:
1022 2311 1089 2374 Olei

70 2404 182 2463 reteris
205 2402 304 2482 pondo
328 2405 474 2484 quinque,
498 2420 619 2481 spumae
643 2410 800 2482 argenteae
824 2402 923 2482 pondo
947 2403 1087 2480 quinque.

70 2490 152 2552 Haec
175 2499 355 2571 coquuntur,
375 2491 469 2551 donec
492 2499 607 2571 coeant,
629 2499 732 2570 postea
750 2491 920 2552 adiciuntur
943 2490 990 2551 his
1014 2493 1086 2552 resi·
1106 2502 1139 2553 aa

70 2597 127 2639 nae
155 2580 289 2658 pituinae
316 2579 415 2659 pondo
444 2582 585 2660 quinque.
631 2578 688 2641 Ubi
715 2580 868 2660 emplastri
896 2579 987 2641 habet
1014 2588 1087 2641 tem·

69 2675 291 2748 peramentum,
330 2667 457 2729 adicitur
489 2669 621 2749 propolis
653 2669 827 2730 inalienatae
862 2667 1024 2746 [sincerae]
1058 2676 1088 2729 et

69 2755 176 2836 bonae,
200 2756 295 2835 qualis
319 2765 365 2816 est
388 2757 493 2836 AttIca,
516 2756 615 2835 pondo
635 2758 752 2838 selibra,
776 2758 882 2818 deinde
905 2760 936 2816 in
961 2754 1086 2817 caccabo

146 2933 161 2980 1
180 2928 263 2981 cerba
277 2927 357 2980 oncis
370 2924 478 2979 incluso
493 2925 527 2978 ab
541 2926 686 2993 interprete
700 2925 798 2978 addito
815 2940 869 2978 ease
885 2925 983 2980 corrice.
998 2924 1088 2980 Raro.

71 2995 480 3068 2ponderecoripeizp0.1i.
540 2994 644 3049 ditem
662 2996 766 3050 Aldus:
785 2994 860 3049 idem
879 2994 915 3049 R.
976 3000 1009 3048 12
1028 2993 1089 3063 gal.-

71 3070 139 3124 bani
157 3068 228 3122 item
247 3067 332 3121 divisi
350 3066 380 3120 in
398 3065 528 3119 minimas
542 3067 637 3134 partes
652 3068 682 3119 et
696 3083 792 3120 rursus
806 3065 928 3133 reposito
949 3065 984 3118 ad
1003 3066 1089 3119 breve

70 3144 184 3209 tempus
207 3143 293 3208 atque
317 3139 419 3191 iterum
443 3135 567 3206 reposito
592 3137 621 3190 et
643 3150 700 3189 non
722 3133 844 3189 ferventi
863 3135 979 3203 galbani
996 3135 1088 3204 pondo

71 3213 187 3265 nomano
206 3211 247 3274 R3
268 3211 354 3264 iocum
372 3213 531 3276 corruptum
554 3212 697 3276 utcumque
719 3207 868 3260 emendavi.
959 3212 993 3260 23
1013 3205 1087 3277 Olei]

70 3284 106 3349 of.
129 3280 193 3336 Gai.
213 3280 287 3348 XIII,
306 3284 358 3334 930
391 3274 459 3347 ἄλλη
484 3274 687 3346 διαφορητική,
711 3272 749 3339 ὡς
771 3272 958 3350 Σκριβῶνιος·
987 3279 1089 3345 λιθαρ-

70 3350 161 3422 γύρου
181 3352 276 3420 λίτρας
295 3346 325 3417 ε’,
340 3344 435 3403 ἐλαίου
454 3349 549 3416 λίτρας
567 3345 597 3416 ε’,
612 3348 742 3416 πιτυίνης
760 3347 846 3415 ξηρᾶς
863 3348 957 3416 λίτρας
975 3343 1007 3414 ε’,
1020 3366 1089 3414 προ-

69 3423 182 3485 πόλεας
201 3423 295 3488 λίτρας
312 3418 348 3489 η’,
367 3425 416 3490 τῆς
433 3420 499 3490 (leg.
519 3418 603 3489 ίξίας)
622 3420 738 3488 ὃραίνης
757 3437 792 3486 po
812 3414 845 3487 γ’.
908 3424 943 3472 25
965 3418 1090 3473 adloiun·

68 3497 118 3550 tur
139 3494 254 3562 scripsi:
292 3492 413 3546 adicitur
435 3491 470 3546 R.
557 3496 590 3545 27
618 3490 741 3546 sincerae
773 3490 902 3560 picaoema
934 3504 988 3544 ease
1019 3488 1091 3544 cidit

69 3566 222 3633 Boetiiper.
