2400 3922
532 125 755 188 -10..

224 288 287 349 Xll.
321 289 363 350 hd
383 288 561 349 comitialem
580 286 732 367 morbum,
757 305 847 367 quem
867 286 976 348 Graeci
992 284 1139 366 ἐπιληψίαν

135 387 254 458 vocant,
287 377 424 459 berham,
457 395 545 456 quam
573 375 663 435 iidem
690 371 888 456 πολύνενρον,
921 394 977 436 nos
1005 374 1140 437 nervalem

136 467 331 548 appellamus,
371 475 488 546 oportet
529 467 662 525 ieiunum
701 482 790 543 quam
830 464 993 543 plurimam
1029 463 1139 525 viridem

137 575 271 618 comesse
295 575 310 616 a
333 558 428 636 prima
451 554 519 614 luna
543 553 579 614 ad
603 554 794 614 tricesimam.
831 552 913 614 Haec
935 553 1040 614 eadem
1060 551 1139 613 herba

101 644 220 706 cobrin
244 645 310 705 data
334 646 453 722 copiosa
481 645 512 703 in
536 640 656 721 crapula
679 643 781 703 vinum
810 642 936 703 discutit
963 650 1138 721 mentemque

136 736 276 794 restituit.

225 820 301 880 XIII.
338 819 411 880 Item
434 818 570 879 hinnulei
589 821 669 879 cervi
688 818 844 898 coagulum
864 821 945 880 intra
966 836 1071 879 novem
1087 817 1138 879 dies

136 916 292 986 exceptum
315 907 391 967 bene
414 908 485 967 iacit
508 907 542 967 ad
573 907 709 968 morbum
733 907 921 969 comitialem.
968 906 1138 985 Intellegitrr

134 1004 233 1056 autem
261 996 379 1056 dierum
410 1013 555 1056 numerus
583 1016 619 1057 ex
647 1015 696 1077 eo,
729 997 809 1075 quod
842 999 941 1057 iacent
972 1014 1061 1056 aures
1084 994 1138 1055 hin·

83 1097 116 1146 10
133 1083 291 1144 nuleorum
310 1085 416 1163 primis
434 1085 635 1163 temporibus:
654 1103 670 1145 a
689 1103 767 1145 nono
782 1087 862 1145 enim
878 1085 926 1145 die
946 1083 1138 1164 subrigrmtur.

135 1170 260 1252 Oportet
291 1191 364 1252 ergo
392 1191 510 1233 sumere
542 1181 615 1234 tunc
645 1173 802 1252 coagulum
830 1182 861 1235 et
893 1173 1060 1254 arefacere,
1089 1188 1138 1251 quo

134 1280 232 1341 neque
265 1261 309 1322 sol
342 1280 440 1341 neque
472 1260 541 1323 luna
574 1263 702 1342 accedit,
734 1269 824 1341 atque
851 1262 921 1322 inde
950 1261 1023 1322 dare
1050 1261 1139 1340 pueris

134 1352 227 1411 viciae
251 1351 463 1430 magnitudinis
487 1350 638 1429 globulum
657 1369 693 1411 ex
713 1368 806 1429 aquae
826 1350 927 1411 caldae
946 1349 1062 1429 cyathis
1079 1348 1139 1410 duo

134 1437 205 1520 hus,
232 1439 394 1501 maioribus
423 1458 492 1500 vero
521 1448 592 1500 natu
620 1438 704 1499 labae
737 1439 848 1500 solidae
880 1439 1140 1516 magnitudinem

83 1539 115 1589 15
134 1546 228 1607 aquae
261 1528 362 1590 caldae
394 1528 507 1608 cyathis
539 1527 638 1588 tribus
670 1545 724 1606 per
756 1527 820 1588 dies
852 1529 985 1606 triginta.
1038 1527 1140 1588 Dentur

135 1626 234 1677 autem
262 1636 357 1697 aquae
384 1635 476 1696 purae
505 1633 596 1696 super
621 1616 872 1677 medicamentum
895 1615 995 1695 cyathi
1018 1615 1077 1677 duo
1099 1620 1141 1676 aut

134 1711 204 1764 tres.
250 1705 315 1766 Hoc
337 1707 503 1766 remedium
528 1708 579 1784 qui
607 1707 795 1784 monstravit,
824 1705 900 1765 dixit
926 1703 964 1764 ad
993 1723 1058 1765 rem
1084 1720 1140 1784 per·

133 1793 230 1851 tinere
254 1793 350 1853 occidi
373 1793 530 1854 hinnulum
554 1794 660 1874 cultro,
684 1811 743 1872 quo
762 1794 907 1872 gladiator
926 1792 1081 1872 iugulatus
1102 1793 1140 1852 sit

222 1879 311 1941 XIIII.
350 1880 472 1941 Constat
503 1855 583 1941 inlu·
616 1882 717 1961 plures
744 1890 775 1942 et
802 1881 947 1943 crocodili
977 1880 1141 1943 testiculum

80 1968 265 2046 repondere
294 1969 319 2029 X
347 1969 359 2028 l
393 1978 444 2031 aut
472 1971 620 2031 victoriati
652 1989 705 2050 per
733 1970 797 2031 dies
829 1973 953 2050 triginta
987 1989 1023 2032 ex
1057 1985 1140 2050 aquae

135 2059 247 2138 cyathis
271 2058 368 2120 tribus
392 2069 543 2138 sumptum
567 2059 676 2120 multos
699 2059 888 2120 remediasse.

224 2147 282 2208 XV.
321 2149 364 2209 dd
392 2158 544 2210 recentem
570 2147 749 2209 comitialem
775 2147 913 2208 morbum
937 2149 998 2209 cito
1022 2147 1141 2227 proficit,

134 2237 171 2297 ad
194 2245 326 2298 veterem
349 2238 476 2299 tardius:
500 2237 607 2316 Thymi
629 2236 688 2297 albi
711 2255 739 2315 p.
763 2236 788 2296 II
811 2236 852 2296 III
875 2255 911 2296 ex
935 2239 1014 2297 aceti
1037 2235 1141 2317 cyathis

133 2324 231 2385 tribus
259 2334 289 2385 et
321 2326 417 2386 mellis
450 2326 520 2386 boni
552 2326 650 2403 pondo
679 2327 781 2406 uncia;
813 2333 846 2385 ut
874 2324 1004 2386 dllutum
1031 2327 1142 2386 ieiunus

79 2409 215 2471 adhibet
247 2431 300 2490 per
333 2414 397 2472 dies
430 2413 624 2490 quadraginta
657 2416 798 2493 qulnque.
845 2412 903 2473 Sed
932 2431 1003 2474 cum
1032 2413 1142 2490 biberit,

133 2499 241 2559 citatus
265 2499 395 2559 ambulet
418 2498 498 2559 milia
522 2518 664 2578 passuum
688 2505 809 2562 minime
833 2502 901 2563 duo.

221 2585 293 2646 XVI.
332 2586 400 2647 Scio
423 2586 534 2647 Romae
558 2587 704 2665 quandam
728 2589 883 2651 honestam
908 2599 1076 2651 matronam
1098 2587 1143 2648 ali·

133 2684 205 2754 quot
224 2674 364 2735 comitiali
387 2675 491 2735 morbo
516 2675 658 2737 liberasse
681 2677 738 2738 hoc
761 2679 991 2740 medicamento:
1015 2678 1142 2740 Eboseae

133 2763 231 2826 scobis
258 2764 388 2845 hemina,
417 2764 513 2825 mellis
536 2766 627 2827 Attici
654 2767 752 2847 pondo
780 2767 869 2847 libra,
896 2766 971 2828 baec
999 2769 1031 2826 in
1055 2781 1142 2828 unum
1187 2756 1190 2817 l

78 2863 114 2913 30
132 2856 310 2933 miscentur;
343 2861 446 2931 postea
479 2855 620 2937 adicitur,
653 2860 679 2918 si
710 2875 786 2938 puer
818 2856 910 2916 luerit
940 2857 993 2935 qui
1025 2855 1142 2930 laborat,
1188 2860 1190 2867 '

132 2942 291 3003 testudinis
311 2943 467 3024 masculae,
485 2945 617 3023 palumbi
634 2946 771 3027 masculi,
791 2953 990 3023 utrorumque
1005 2945 1142 3020 ferorum,

131 3028 162 3088 id
191 3038 236 3090 est
263 3048 361 3110 nuper
384 3040 552 3116 captorum,
580 3038 713 3116 sanguis,
742 3041 884 3113 quantum
913 3033 1050 3112 fluxerit,
1077 3032 1142 3093 dum

131 3119 195 3178 viva
214 3126 340 3198 utraque
360 3121 495 3183 animalia
514 3122 714 3184 dimittantur:
739 3126 902 3182 sinautem
926 3121 1026 3200 puella
1049 3121 1142 3198 fuerit,

203 3271 388 3340 3plnrimem
407 3277 519 3346 scripsi:
537 3275 689 3346 plurimum
703 3273 740 3328 R.
800 3273 939 3328 rhinutei
952 3273 989 3328 R.
1050 3271 1143 3330 strin-

130 3342 278 3396 nuleorum
291 3345 329 3400 N.
344 3346 494 3402 Heinsius:
514 3346 598 3400 simul
612 3361 707 3400 eorum
720 3343 757 3398 R.
818 3349 851 3397 15
866 3345 987 3417 Dentur]
1001 3346 1143 3401 Donentnr

130 3411 222 3468 Aldus
244 3429 334 3471 errore
356 3419 515 3487 typothetae.
589 3422 622 3471 16
646 3431 715 3539 supp
751 3415 863 3482 scripsi:
891 3432 979 3484 supra
1001 3416 1039 3473 R.
1111 3419 1143 3470 20

130 3483 254 3554 pondere
270 3488 382 3555 scripsi:
401 3493 443 3556 p0.
457 3487 494 3540 Ii.
544 3492 578 3540 23
592 3485 663 3554 tymi
706 3526 712 3539 .
762 3491 797 3540 26
812 3484 867 3539 duo
883 3483 989 3542 Rhod:
1008 3485 1144 3544 nnuma
