2400 3922
359 207 481 267 LXXVI.
508 209 627 264 Camillo
645 209 803 268 Palaeottc.
1024 215 1089 280 155

68 365 198 436 summa
220 369 354 435 fruerer.
398 393 475 436 nam
497 367 645 438 Venetiis
672 372 777 437 hieme
807 374 985 462 superiore,
1016 398 1089 442 oum

69 465 102 526 et
125 458 279 525 eubiculo
299 459 464 525 clauderer
483 466 621 547 angusto
641 466 674 526 et
692 461 817 526 camino
836 462 962 526 assidue
981 469 1089 530 uterer

68 547 252 633 luculento,
282 570 399 632 parum
425 552 534 614 tamen
557 550 677 636 abfuit,
705 549 784 633 quin
810 572 861 614 me
885 551 935 615 uis
958 552 1089 638 frigoris

69 636 299 721 absumpserit.
345 635 428 725 Seis,
459 659 540 721 quae
567 661 639 703 mea
667 638 823 724 tenuitas,
852 661 932 722 quae
962 639 1005 704 sit
1031 641 1088 704 im-

70 725 243 791 becillitas.
285 746 345 790 nec
363 730 512 813 aetatem,
533 731 571 790 ut
590 726 739 813 arbitror,
763 727 901 813 ignoras.
944 729 1088 812 quotidie
1115 751 1129 791 5

70 814 229 879 labuntur
251 813 339 879 uires
366 818 399 878 et
428 837 466 879 eo
488 815 607 901 magis,
635 816 721 899 quod
749 838 799 903 ea,
828 838 909 900 quae
937 817 1018 881 mihi
1047 818 1087 882 ab

72 901 291 968 adolescentia
322 924 429 967 rerum
462 903 606 968 omnium
638 905 862 989 antiquissima
893 906 1024 971 fuerunt
1057 911 1090 970 et

73 990 233 1076 aquibus
255 1012 297 1055 ne
319 1012 406 1056 nunc
429 992 558 1075 quidem
586 996 690 1057 aetate
717 989 955 1079 ingrauescenti
979 993 1089 1059 diuelli

72 1101 218 1164 possum,
241 1078 349 1144 studia
366 1080 505 1146 calorem
524 1081 626 1165 illum,
649 1103 713 1165 quo
737 1082 862 1168 alimur,
886 1083 1090 1149 exhauriunt.

71 1167 161 1232 Haec
176 1168 217 1232 dc
230 1166 365 1254 frigore:
384 1168 459 1232 audi
472 1191 567 1255 nunc,
586 1191 668 1252 quae
687 1175 861 1254 supersunt
878 1171 1089 1236 incommoda.
1103 1194 1131 1235 11

71 1255 374 1322 Exercitationibus
397 1258 473 1321 dum
495 1262 584 1342 utor,
606 1260 788 1324 confirmari
810 1281 862 1323 me
886 1260 998 1324 sentio.
1043 1259 1090 1324 At

71 1345 112 1410 iis
136 1344 187 1409 uti
206 1344 367 1429 Venetiis,
391 1345 582 1430 praesertim
605 1348 666 1411 sub
691 1348 757 1433 dio,
780 1348 833 1411 uel
856 1349 898 1412 ob
923 1348 1090 1434 angustias

71 1433 201 1499 uiarum
222 1433 277 1497 uel
300 1434 342 1498 ob
371 1434 532 1499 infinitam
559 1457 662 1519 prope
690 1436 809 1500 ciuium
832 1437 1091 1521 peregrinorum·

74 1544 137 1608 que
160 1522 381 1606 frequentiam
403 1545 469 1588 non
486 1523 572 1588 11111.
612 1524 677 1588 huc
694 1523 771 1588 illuc
794 1524 1001 1610 impellimur,
1025 1546 1089 1588 sae-

71 1611 150 1713 pius
181 1610 288 1674 alieno
324 1615 416 1675 motu
454 1633 552 1695 quam
586 1616 699 1676 nostro
736 1633 917 1697 mouemur,
957 1612 1015 1676 uix
1050 1616 1129 1676 11111

71 1699 251 1784 mterdum,
278 1720 378 1764 1111
400 1700 457 1764 uix
482 1701 626 1786 quidem,
653 1700 680 1764 si
703 1700 828 1764 lubrica
851 1700 904 1763 uia
928 1704 990 1783 est,
1017 1721 1090 1764 111-

71 1787 209 1853 sistendi
239 1787 376 1852 facultas
404 1789 505 1853 detur.
550 1789 599 1853 De
627 1787 714 1853 uinis
742 1788 819 1872 quid
846 1789 981 1871 loquar?
1023 1788 1090 1852 diu-

72 1880 171 1941 turna
193 1898 246 1940 me
269 1877 467 1943 consuetudo
491 1877 659 1961 Romame,
682 1877 827 1942 omnium
849 1877 942 1942 facile
966 1877 1090 1964 primis,

72 1965 298 2030 assuefecerat.
339 1965 458 2030 similia
475 1988 541 2031 non
560 1967 763 2054 quaerebam,
781 1966 838 2030 sed
856 1988 937 2050 quae
956 1989 1089 2051 prorsus

73 2053 245 2118 dissimilia
270 2075 337 2118 non
360 2059 479 2119 essent:
506 2055 605 2138 periit
633 2055 737 2120 omnis
764 2055 930 2119 industria.
978 2054 1090 2119 Carnis
1103 2077 1131 2118 ac

72 2141 156 2206 mira
179 2142 347 2225 paenuria:
370 2142 543 2207 uitulinam
567 2142 710 2229 quidem,
735 2166 816 2227 quae
840 2143 967 2207 differat
990 2165 1009 2206 a
1032 2143 1090 2206 bu-

74 2229 163 2320 bula,
186 2231 327 2313 reperire
346 2230 511 2296 felicitatis
530 2236 588 2297 est.
617 2231 791 2296 Excellunt
808 2231 872 2294 uiri
890 2230 1017 2295 nobiles
1036 2231 1090 2293 be·

73 2319 247 2404 nignitate,
267 2318 399 2404 uirtute,
418 2319 591 2406 sapientia3
612 2341 717 2403 neque
736 2341 796 2405 ego
819 2341 929 2383 eorum
948 2317 1091 2382 amicitia

74 2411 106 2470 et
126 2407 358 2472 consuetudine
373 2409 522 2472 exclusus
536 2431 690 2492 umquam
708 2430 788 2493 sum,
806 2407 973 2492 appetitus
992 2407 1090 2472 etiam

74 2517 93 2558 a
111 2496 234 2559 multis.
272 2497 358 2579 quod
378 2497 413 2560 in
433 2497 474 2561 iis
496 2498 594 2562 rebus
612 2519 755 2582 numero,
778 2519 914 2581 quarum
936 2496 1091 2561 memoria
1104 2515 1132 2558 11

72 2605 141 2648 111
168 2583 373 2649 mediocriter
400 2585 554 2651 oblector.
600 2587 656 2650 sed
683 2585 791 2651 neseio
825 2607 888 2669 quo
920 2586 1016 2650 modo
1044 2586 1091 2671 fit,

74 2671 193 2736 aetatis
222 2674 358 2737 fortasse
390 2673 486 2758 11111,
518 2679 555 2738 ut
586 2675 742 2757 quaedam
768 2697 833 2761 res,
867 2675 985 2758 quibus
1013 2673 1091 2738 olim

74 2760 246 2846 pascebar,
273 2761 416 2845 quotidie
444 2762 549 2848 magis
573 2785 613 2827 ex
636 2763 743 2829 animo
771 2764 964 2828 dilabantur.
1009 2760 1091 2825 mihi

74 2849 148 2933 uni,
181 2849 227 2912 111
256 2848 402 2935 Camille,
433 2850 497 2915 iam
530 2851 626 2934 cupio
658 2851 782 2936 uiuere,
814 2852 890 2915 dum
923 2851 1013 2932 uiuo,
1045 2848 1091 2912 sic

74 2941 200 3015 tamen,
228 2940 265 2999 ut
292 2960 343 3001 me
372 2939 486 3003 ceteris
514 2939 611 3003 etiam
634 2939 754 3004 uixisse
778 2938 949 3022 aliquando
973 2935 1090 2999 intelli·
1103 2957 1131 2998 11

74 3030 181 3112 gatur.
228 3023 348 3109 Habes,
371 3047 428 3090 cur
448 3025 596 3092 Venetiis
617 3049 684 3092 non
706 3028 779 3091 sim:
803 3048 867 3109 quo
891 3027 1034 3108 spectem
1058 3027 1091 3086 11

75 3113 136 3177 111
160 3135 230 3177 1111
252 3113 352 3177 uelim
375 3135 411 3177 ac
433 3113 576 3198 reliquae
599 3115 685 3179 uitae
709 3113 907 3178 domicilium
926 3109 1091 3197 collocare,

75 3201 157 3266 satis
188 3201 331 3265 nondum
362 3206 497 3268 constat.
543 3204 770 3268 amoenitatem
802 3205 835 3266 et
866 3199 1092 3264 salubritatem

78 3312 206 3373 sequor.
249 3293 386 3373 utraque
405 3289 534 3356 Genuae
556 3296 613 3378 est,
636 3295 781 3373 utraque,
803 3293 841 3352 ut
864 3287 968 3372 audio,
986 3288 1092 3374 Regii,

76 3399 143 3463 quo
172 3382 377 3462 peramanter
403 3379 538 3463 inuitor,
571 3384 604 3443 et
632 3378 855 3444 suburbanum
881 3376 962 3441 mihi
989 3393 1132 3459 suum,es

76 3466 250 3552 magnifiee
279 3471 492 3553 exstructum,
522 3468 686 3554 eleganter
713 3470 874 3552 omatum,
900 3465 953 3529 uir
976 3464 1092 3549 prima·
1176 3494 1186 3507 -·

77 3555 158 3641 rius,
180 3555 370 3641 integritate
394 3556 603 3640 doctrinaque
627 3555 795 3643 1111111111,
816 3554 973 3620 Horatius
995 3553 1093 3617 Mala·
