2430 3922
518 178 736 244 ..50-

121 355 151 406 et
179 345 272 406 murti
299 342 460 404 fasciculus
487 360 556 402 cum
579 341 701 403 oleastri
722 341 769 402 vel
792 340 885 402 olivae
909 341 1034 404 ramulis
1059 350 1140 403 ntro

123 451 180 514 qne
205 433 302 513 modo,
324 439 415 512 prout
437 449 487 491 res
510 432 656 512 exegerit,
679 432 826 492 incoctus.

213 520 296 583 CXV.
332 520 418 581 Potio
442 527 555 601 antem,
579 517 622 596 [id
645 526 693 580 est
714 517 863 598 pastillus]
888 537 957 580 cum
981 521 1142 581 inmissum

125 613 216 673 iuerit
247 610 510 688 medicamentum,
542 609 585 668 sic
617 609 756 669 convenit
787 609 819 667 in
851 616 986 669 noctem:
1020 607 1142 670 Murrae

91 700 200 781 apli
223 700 263 781 ll,
291 698 359 779 lycii
387 696 460 776 pil
483 695 535 774 lll,
563 698 640 756 turis
666 694 740 776 pli
764 695 790 776 l,
818 697 868 775 opi
894 696 968 776 pil
991 695 1033 777 ll,
1061 696 1145 758 aloes

126 789 199 868 pil
222 787 262 869 ll,
286 789 402 848 acaciae
425 805 453 866 p.
472 784 498 844 ll
521 783 587 866 llll,
611 786 702 846 murti
725 783 866 846 bacarum
889 787 1045 865 nigrarum
1068 804 1097 864 p.
1116 785 1142 845 ir

125 876 203 958 XVl,
232 893 356 937 ovorum
385 893 421 935 ex
450 882 533 934 aceto
562 881 716 934 coctorum
741 872 834 934 vitelli
857 873 925 935 duo.
967 873 1048 935 llaec
1073 876 1143 935 trita

126 969 194 1027 vino
224 965 401 1027 Surrentino
430 971 670 1041 consperguntur
698 968 728 1022 et
757 962 833 1023 fiunt
864 961 977 1041 pastilli
1008 963 1146 1042 pondere

126 1054 152 1113 ll
180 1054 202 1114 l.
247 1051 362 1113 Dantur
389 1049 629 1112 febricitantibus
657 1068 694 1110 ex
724 1067 818 1129 aquae
848 1050 962 1131 cyathis
992 1061 1146 1131 quattuor,

75 1156 108 1205 10
128 1138 214 1222 <sine
237 1137 343 1220 lehre>
367 1158 403 1200 ex
426 1141 518 1200 musti
542 1138 714 1199 Surrentini
737 1139 851 1218 cyathis
873 1138 1001 1202 duobus.

217 1228 313 1291 CXVI.
354 1228 399 1290 Ad
427 1222 533 1308 εἰλεόν,
562 1228 641 1307 qnod
664 1228 769 1288 vitium
792 1236 840 1289 est
867 1227 981 1289 inflatio
1005 1230 1146 1290 tenuium

128 1321 353 1398 intestinorum,
380 1318 451 1378 iacit
473 1315 550 1376 hene
578 1315 695 1394 galbani
722 1316 840 1396 pondus
863 1318 1027 1399 victoriati,
1058 1319 1145 1380 devo-

128 1417 212 1470 ratur
235 1409 266 1467 in
289 1405 396 1485 pilulas
419 1405 547 1466 divisum
570 1405 643 1466 duas
667 1404 713 1465 vel
736 1412 807 1466 trcs.
848 1404 946 1466 llovet
970 1413 1000 1467 et
1023 1415 1147 1468 ructum

129 1506 159 1560 et
182 1496 333 1558 interdum
357 1495 448 1555 deicit
470 1501 591 1554 ventum
615 1493 754 1554 deorsum
778 1502 867 1572 atque
891 1495 931 1555 ita
954 1495 1089 1574 prodest.

78 1597 110 1647 15
218 1582 328 1645 cxvii.
369 1583 412 1644 Ad
436 1582 516 1643 idem
538 1583 643 1642 vitium
671 1582 797 1642 mirifice
820 1582 943 1662 prodest
970 1583 1029 1645 hoc
1053 1584 1146 1646 medi·

130 1684 312 1753 camentum3
345 1672 416 1733 iacit
448 1679 547 1732 autem
576 1667 649 1751 <et>
676 1669 713 1731 ad
745 1670 848 1731 lateris
879 1671 1013 1732 dolorem
1047 1682 1079 1735 et
1110 1672 1146 1732 ad

130 1781 247 1824 omnem
275 1768 391 1840 partem
418 1761 567 1839 corporis:
595 1759 688 1820 Danci
715 1760 850 1839 seminis,
877 1763 999 1839 panacis
1028 1762 1147 1841 radicis,

130 1852 258 1912 castorei
285 1851 367 1927 paria
394 1848 540 1928 pondera,
570 1855 655 1908 rutae
684 1847 834 1908 silvaticae
861 1848 1032 1931 dimidium;
1068 1852 1149 1911 tritis

129 1939 176 2000 vel
208 1938 342 1999 contusis
374 1935 433 1996 mel
465 1936 620 1997 decoctum
653 1936 771 1997 adicere
805 1944 935 2018 oportet,
970 1937 1043 1999 inde
1077 1939 1148 2000 dare

77 2041 112 2090 20
131 2047 158 2107 p.
177 2027 203 2086 ll
227 2027 239 2086 l
263 2034 314 2086 aut
336 2026 484 2086 victoriati
508 2043 544 2085 ex
568 2043 660 2103 aquae
684 2024 784 2085 caldae
808 2025 922 2105 cyathis
945 2027 1054 2089 trihus.

221 2113 345 2176 CXVlll.
380 2114 463 2175 Facit
487 2121 516 2174 ct
539 2114 576 2174 ad
603 2113 774 2174 huiusmodi
796 2132 852 2192 per
874 2132 965 2175 anum
988 2117 1148 2177 inmissum

132 2207 252 2267 faenum
270 2221 424 2284 graecum3
447 2203 477 2263 id
496 2221 572 2281 aqua
591 2202 667 2263 hene
687 2220 816 2281 coquere
831 2211 949 2281 oportet
968 2212 1061 2283 atque
1080 2205 1148 2266 inde

132 2312 251 2356 sumere
270 2292 433 2372 heminam,
457 2293 529 2352 item
550 2293 581 2351 in
599 2291 664 2351 oleo
684 2290 847 2351 domestico
866 2294 1030 2371 incoquere
1050 2302 1149 2356 rutam

133 2401 221 2462 quam
248 2381 406 2460 plurimam
435 2387 465 2440 et
491 2379 561 2440 hinc
590 2379 701 2440 caldam
728 2379 879 2440 heminam
906 2381 1025 2442 adicere
1055 2384 1149 2463 priori

52 2485 113 2537 ⁴25
134 2488 236 2549 aquae,
264 2468 373 2548 quihus
397 2469 533 2547 utrisque
557 2467 722 2528 admiscere
746 2468 912 2548 aphronitri
936 2471 1001 2531 triti
1024 2488 1148 2532 sescun-

133 2561 207 2618 ciam
232 2559 325 2617 etita
348 2575 403 2635 pcr
427 2555 564 2635 clysteria
588 2556 700 2616 caldam
724 2558 884 2618 inmittere.
921 2556 986 2619 Hoc
1010 2577 1067 2638 ego
1092 2562 1149 2620 iam

133 2653 250 2706 stercus
278 2663 332 2722 per
360 2662 393 2704 os
421 2645 590 2724 eicientem,
621 2645 700 2723 quod
729 2647 847 2724 signnm
874 2647 1067 2708 mortiferum
1094 2656 1151 2728 est,

206 2837 358 2901 lutroque
382 2832 465 2887 modo
491 2833 529 2887 M
531 2855 537 2886 :
563 2836 746 2902 utrorumque
768 2833 852 2887 modo
876 2834 913 2890 R.
987 2837 1151 2908 iexegerit

134 2906 180 2962 M:
205 2905 329 2976 exigeret
347 2904 383 2960 R.
456 2910 472 2958 3
490 2905 573 2959 cerba
591 2904 620 2959 id
639 2907 683 2959 est
700 2904 832 2975 pastillus
854 2906 988 2974 ploosemo
1005 2923 1061 2962 csse
1080 2909 1151 2964 vidit

133 2978 223 3033 erod.
287 2976 431 3030 inmissum
450 2976 490 3029 L:
511 2975 651 3031 immissus
669 2975 704 3030 R.
769 2976 875 3030 lhaec
892 2992 945 3045 pro
963 2977 1003 3032 sic
1023 2979 1068 3033 M.
1134 2983 1152 3033 5

135 3050 182 3119 opi
200 3048 240 3102 L:
261 3047 318 3118 opii
337 3046 372 3101 R.
438 3048 581 3116 amyntae
600 3047 634 3100 L.
698 3046 857 3116 8pondere
876 3063 935 3116 epo:
955 3055 997 3118 p0.
1012 3049 1050 3105 R.
1117 3056 1150 3105 10

134 3120 194 3174 sine
213 3119 290 3174 febre
310 3134 344 3172 ax
362 3116 448 3171 musti
468 3116 625 3172 Surrentini
639 3117 687 3172 M:
705 3117 839 3186 permixti
858 3117 1016 3174 Surrentini
1033 3119 1097 3176 vini
1110 3120 1151 3187 123

135 3191 346 3258 antecendens
365 3188 424 3243 sine
443 3187 521 3243 febro
541 3204 574 3242 ex
592 3204 683 3256 aquae
701 3187 810 3258 cyathis
829 3187 855 3241 Π
873 3190 1020 3258 permixtis
1035 3192 1151 3247 Surren-

134 3260 188 3314 tini
206 3260 267 3315 vini
286 3259 395 3331 cyathis
415 3258 539 3314 duobus?
609 3264 641 3313 11
661 3259 736 3315 ileon
754 3259 789 3314 L.
855 3266 888 3314 12
907 3261 1018 3330 pondus
1036 3264 1150 3332 scripsi:

133 3330 228 3402 pondo
248 3331 283 3386 R.
345 3336 378 3384 13
397 3330 439 3400 et]
459 3331 533 3384 enim
552 3331 586 3385 L.
646 3336 680 3386 16
700 3331 1055 3401 etoddidie·L,om.R.
1116 3340 1150 3389 ts

135 3401 261 3472 corporis
277 3401 427 3469 interioris,
447 3399 550 3470 accipit
569 3400 640 3456 haec
653 3402 688 3456 L.
751 3407 784 3455 21
800 3419 838 3457 an
851 3402 1016 3459 huiusmodi
1029 3404 1150 3460 vitium?

134 3480 168 3527 22
188 3472 301 3527 foenum
320 3473 359 3527 L:
383 3472 496 3527 foenum
515 3472 551 3527 R.
624 3477 659 3526 25
678 3472 827 3527 admisceri
850 3475 983 3531 convenit
1005 3476 1040 3530 L.
1116 3481 1150 3530 26

134 3561 185 3614 per
204 3542 315 3599 elistere
329 3544 363 3596 L.
434 3549 467 3597 at
487 3543 634 3598 eicientem
649 3543 688 3598 L:
708 3543 875 3599 deicientem
889 3546 925 3601 R.
991 3547 1105 3618 signum
1123 3547 1150 3600 L
