2400 3922
326 150 425 208 XVIII.
453 150 498 205 Ad
516 149 664 206 Alfonsum
684 148 821 209 Gerasam.
1036 153 1078 216 41

58 312 303 397 pronunciaret.
339 334 425 378 nunc
447 312 555 397 ipsum
574 313 609 378 in
604 313 696 414 ιιι,
714 335 778 398 qua
795 310 870 376 Itali
890 319 1055 378 omnesut

58 423 139 487 mur,
161 401 279 488 lingua
303 406 353 467 est
370 422 411 466 ne
435 401 578 466 omnium
601 401 636 466 in
654 401 803 465 disiunct
780 405 874 466 t1set
892 400 1081 488 longinquis

59 453 199 554 urbibus
222 488 392 555 simillima
414 489 662 591 pronunciatio?
703 488 886 554 mehercule
907 511 948 554 ne
971 490 1006 555 in
1028 490 1080 555 iis-

61 578 133 642 dem
157 577 301 662 quidem.
337 577 464 643 Venet‘
429 582 484 643 tus
505 578 591 642 enim
613 578 804 680 (domestico
822 581 897 642 utar
916 576 1080 664 exemplo)

60 665 199 731 aliter
189 689 225 731 m
258 667 341 767 urbe
371 665 489 752 media,
525 666 660 731 aldter
651 689 686 731 ιιι
718 670 862 731 extrema
893 666 1123 751 loquunturs

63 760 266 857 quapropter
288 754 387 820 nimis
405 754 526 820 iniusto
546 754 720 855 priuilegio
740 754 947 819 damnabitur
964 754 1080 819 Latina

60 842 187 944 lingua,
215 843 258 928 si,
290 842 434 927 quod1n
457 843 572 908 ceteris
598 843 721 929 linguis
748 864 808 908 usu
836 842 983 908 uidemus
1010 865 1081 908 eue-

62 932 145 1015 nire,
173 935 214 996 ut
242 953 311 996 non
337 931 431 997 modo
460 931 609 1017 diuersis,
638 953 751 996 uerum
780 931 878 996 etiam
904 932 1020 996 iisdem
1048 938 1080 996 et

62 1019 270 1105 temporibus
293 1024 326 1084 et
348 1019 428 1085 locis
450 1042 516 1085 non
540 982 654 1085 similit
639 1024 691 1085 ter
717 1041 828 1085 omnes
856 1021 1081 1106 pronuncient,

61 1109 94 1172 id
116 1109 149 1173 ei
171 1108 385 1193 praecipuum
412 1112 610 1193 apponatur,
641 1108 732 1173 cuius
760 1109 859 1174 etiam
887 1109 1015 1195 magnis
1043 1132 1122 1174 ac1o

61 1197 308 1282 praestantibus
330 1196 456 1262 meritis
483 1196 607 1281 aliquid
634 1196 747 1283 largiri
775 1201 846 1261 tum
868 1197 1081 1262 humanitatis

60 1289 134 1352 tum
157 1285 333 1370 aequitatis
356 1289 449 1350 esset.
490 1284 673 1350 Secundum
696 1290 765 1350 arat
788 1285 827 1349 de
850 1285 1024 1372 dignitate,
1046 1287 1081 1350 in

62 1395 127 1459 quo
150 1396 218 1439 non
245 1378 313 1438 tarn
336 1374 498 1458 equidem,
529 1373 607 1458 quid
634 1374 706 1457 ipse
733 1374 955 1459 respondeam,
984 1397 1081 1459 quam

62 1462 141 1547 quid
173 1462 255 1527 istos
287 1461 322 1527 in
353 1462 437 1526 hanc
467 1466 610 1527 mentem
641 1462 821 1546 impulerit,
852 1485 979 1546 quaero
1029 1461 1080 1528 Ita

61 1551 125 1617 ne?
157 1550 351 1638 dignitatem
371 1550 505 1615 Latinae
528 1551 656 1615 litterae
679 1573 746 1615 non
767 1551 913 1630 habent?
942 1551 1080 1616 humiles
1095 1572 1122 1613 ιι

63 1645 96 1704 ιι
123 1639 283 1705 obscurae
313 1642 390 1703 sunt
416 1639 546 1703 litterae
569 1639 657 1724 illae,
687 1661 770 1723 quae
799 1639 916 1722 populi
942 1639 1081 1703 Romani

63 1750 184 1793 nomen
217 1726 379 1792 extollunt
410 1731 509 1811 atque
540 1727 728 1793 illustrant?
775 1748 855 1811 quae
883 1748 1082 1791 summorum

62 1815 302 1901 Imperatorum
333 1815 464 1880 fortiter
494 1820 528 1879 et
559 1817 722 1899 praeclare
755 1820 847 1902 gesta
879 1838 938 1899 per
970 1838 1081 1880 omnes

62 1909 180 1992 gentes
213 1926 286 1969 cum
316 1904 412 1968 laude
444 1903 677 1970 disseminant?
714 1926 796 1991 quae
825 1905 964 1970 maiores
994 1927 1082 1989 opes,

62 2015 162 2078 quam
185 1992 253 2057 ulla
275 2014 428 2076 umquam
446 1992 569 2079 lingua,
591 1993 713 2058 maiora
736 2015 869 2059 suorum
891 1993 1081 2058 meritorum
1095 2018 1124 2059 ao

64 2080 212 2166 praemia
240 2081 275 2145 in
305 2081 395 2146 orbis
425 2085 584 2146 terrarum
611 2081 741 2147 domina
769 2081 900 2146 ciuitate
928 2086 1003 2146 sunt
1030 2083 1082 2146 ad-

66 2169 185 2254 eptae?
222 2169 278 2234 sed
300 2169 526 2254 ineptus-sim,
549 2169 576 2233 si
599 2191 651 2235 me
674 2175 848 2253 patronum
866 2169 1000 2233 Latinae
1022 2169 1081 2233 lin·

63 2280 146 2345 guae
171 2258 340 2341 profitear,
367 2279 449 2342 quae
473 2261 601 2322 tantum
623 2258 769 2341 possidet
797 2257 1013 2342 eloquentiae,
1036 2261 1082 2341 ut,

61 2346 134 2431 ipsa
158 2367 250 2411 suam
273 2367 419 2410 caussam
442 2345 469 2411 si
488 2350 573 2432 agat,
596 2346 690 2411 facile
709 2369 743 2411 se
762 2347 803 2410 ab
823 2345 1081 2410 aduersariorum

63 2434 225 2500 calumnia
252 2433 414 2499 uindicare
442 2434 555 2517 possit.
600 2457 686 2500 nunc
714 2435 800 2519 quod
829 2434 884 2499 isti
914 2439 1079 2518 postremo
1095 2459 1123 2501 ss

63 2522 134 2588 loco
163 2527 405 2608 argumentum,
435 2522 528 2606 quasi
551 2528 716 2607 postrema
745 2523 781 2587 in
803 2523 870 2588 acie
899 2524 1081 2588 subsidium

63 2611 288 2677 firmissimum
315 2609 488 2694 collocant,
519 2611 698 2695 uideamus,
727 2611 762 2675 in
786 2634 823 2676 eo
848 2616 1005 2696 quantum
1033 2634 1081 2676 ιο-

64 2699 153 2765 boris
176 2721 216 2764 ac
237 2721 412 2764 neruorum
435 2699 486 2764 sit.
531 2699 605 2784 plus
629 2700 715 2764 enim
738 2705 788 2764 est
811 2701 961 2784 fortasse,
984 2722 1081 2786 quam

65 2792 99 2853 ut
131 2791 356 2872 contemnere,
386 2787 493 2853 minus
523 2792 623 2873 certe,
656 2810 754 2872 quam
785 2792 822 2853 ut
854 2789 1081 2873 pertimescere

65 2875 248 2942 debeamus.
289 2875 467 2961 Nusquam,
490 2875 651 2960 inquiunt,
674 2877 765 2963 uiget
787 2899 865 2943 usus
887 2877 996 2941 Latini
1019 2898 1081 2940 ser·
1095 2901 1124 2942 eo

64 2965 181 3031 monis:
215 2964 276 3028 alit
261 2967 312 3028 ter
342 2986 429 3029 nuno
458 2986 570 3029 omnes
599 2965 770 3049 loquimur
816 2966 849 3029 id
881 2986 993 3029 uerum
1023 2968 1080 3028 est.

66 3053 239 3139 uquid
230 3053 333 3140 igitur
362 3053 397 3118 in
423 3051 573 3117 Latinam
604 3053 749 3139 linguam
779 3053 878 3117 studii
908 3051 1081 3137 confertur,

68 3163 163 3229 opera
186 3163 256 3207 non
280 3142 363 3206 bene
386 3141 527 3293 ponitur
572 3142 635 3206 hoc
657 3141 782 3205 falsum
828 3139 949 3222 duplex
972 3103 1082 3206 auteni

68 3236 122 3316 est,
146 3253 214 3316 quo
238 3233 327 3313 utor,
350 3233 401 3294 rat
402 3229 433 3294 io
457 3230 626 3313 probandi.
671 3230 813 3313 primurn
835 3227 917 3292 illud
939 3229 1082 3314 suscipio

68 3339 97 3384 ac
128 3319 284 3386 defendo:
320 3340 401 3401 non,
436 3339 655 3403 quaecumque
687 3317 867 3383 necessaria
902 3339 969 3382 non
1006 3319 1081 3402 sint,
1095 3341 1123 3383 ss

68 3414 238 3493 propterea
271 3406 454 3491 spernenda
485 3427 555 3470 esse
592 3406 700 3506 omnia
736 3410 832 3490 atque
866 3406 1080 3507 explodenda3

69 3494 187 3584 deinde,
215 3497 244 3562 si
269 3499 363 3581 spect
348 3499 438 3560 ettur
461 3498 497 3558 ut
483 3494 550 3559 tilit
536 3493 846 3580 tras,tatatLat1nam
874 3494 1012 3558 utilem
1011 3514 1081 3556 esse
