2400 3922
520 159 744 227 ..32-

122 346 174 388 rae
199 326 276 405 mali,
300 325 379 405 quod
402 319 608 404 ἆριστολοχίαν
631 323 738 385 Graeci
760 324 880 405 dicunt,
902 344 932 404 p.
957 323 984 384 X
1008 324 1072 406 XII,
1094 328 1142 388 iris

122 435 151 496 p.
175 414 293 496 XXX,
324 414 462 475 aluminis
490 414 553 474 lissi
584 431 613 492 p.
641 411 667 472 X
694 411 761 493 XX,
794 431 915 474 murrae
944 433 974 493 p.
1002 413 1030 474 X
1058 414 1143 498 XXII,

124 507 242 565 resinae
265 502 485 564 terebinthinae
507 519 535 580 p.
555 500 581 560 X
604 499 666 582 IIII,
689 503 823 580 pituiuae
846 502 968 563 resinae
987 520 1017 583 p.
1036 503 1063 562 X
1086 503 1143 582 llll,

125 594 221 673 adipis
244 593 356 652 taurini
373 610 401 670 p.
420 589 446 650 X
469 589 532 669 IIII,
555 607 641 651 cerae
660 607 689 668 p.
708 587 734 649 X
753 589 817 670 IIII,
840 590 898 651 olci
918 594 1033 652 veteris
1054 601 1143 654 sexta·

89 685 205 744 orium
232 699 339 760 unum,
372 682 448 741 aceti
479 680 557 739 ocris
590 680 736 739 sextarios
762 677 826 740 IIII.
873 678 1064 760 Conponitur
1091 681 1143 742 hoc

124 771 383 848 medicamentum,
403 785 471 829 cum
490 766 642 828 caniculae
660 766 744 827 sidus
763 769 868 847 oritur,
887 769 999 829 teritur
1023 771 1057 829 in
1078 769 1143 850 sole,

126 860 221 920 donec
244 866 361 918 acetum
384 874 471 917 omne
494 862 695 917 consumatur.
742 855 775 915 ln
799 856 982 934 quibusdam
1004 856 1064 918 hoc
1088 876 1144 919 em·

124 947 270 1028 plastrum
302 946 466 1025 efficacius,
497 945 530 1004 in
558 944 735 1024 quibusdam
768 946 908 1024 superius
941 948 1078 1025 positum
1103 948 1143 1007 in-

124 1036 250 1095 venitur.

71 1137 106 1186 10
213 1119 308 1181 CCIII.
350 1119 553 1199 Emplastrum
571 1120 665 1182 viride
683 1120 853 1201 Tryphonis
875 1121 948 1183 facit
967 1121 1004 1182 ad
1025 1122 1142 1184 vulnera

122 1211 264 1292 recentia,
288 1227 347 1288 quo
366 1207 507 1270 utebatur
530 1211 620 1270 etiem
642 1210 674 1269 ln
693 1208 917 1290 gladiatoribus,
936 1211 1049 1272 colorIs
1067 1211 1141 1294 boui,

123 1295 248 1380 rdgpocv
271 1298 338 1358 ideo
363 1300 452 1359 etiam
481 1297 654 1377 appellabat.
699 1297 818 1376 Recipit
845 1299 935 1359 haec:
969 1299 1057 1362 Aeris
1086 1302 1142 1361 usti

123 1389 222 1468 pondo
247 1394 422 1467 sextantem,
445 1386 583 1448 aluminis
605 1386 729 1447 rotundi
746 1387 848 1464 poudo
871 1396 1053 1468 sextantem,
1075 1387 1140 1449 salis

124 1478 301 1538 ammoniaci
323 1475 421 1554 pondo
446 1482 624 1555 sextantem,
652 1477 730 1535 turis
757 1475 876 1554 pollinis
902 1476 1005 1556 pondo
1030 1484 1140 1538 sextan-

71 1580 105 1630 15
124 1574 198 1645 tem,
226 1566 377 1643 aeruginis
400 1582 484 1624 rasae
511 1563 610 1643 pondo
633 1565 782 1624 trientem.
827 1563 910 1626 Ilaec
937 1572 1083 1627 teruntur
1108 1584 1141 1627 ex

124 1661 209 1716 aceto
237 1653 351 1733 aliquot
382 1653 501 1733 diebus3
533 1659 637 1731 postea
669 1669 755 1712 cerae
787 1652 887 1731 pondo
921 1653 994 1734 dua,
1027 1656 1140 1715 resinae

124 1742 230 1802 frictae
253 1743 352 1820 pondo
376 1741 527 1802 duacum
551 1740 609 1800 olei
631 1741 741 1801 veteris
762 1741 861 1818 pondo
886 1741 1028 1804 dextante
1053 1744 1140 1823 lique·

124 1831 201 1890 facta
225 1830 261 1889 ad
284 1833 383 1908 ignem
402 1832 543 1889 mortario
563 1828 822 1908 superfunduntur
841 1838 871 1890 et
890 1831 985 1892 mixta
1007 1831 1141 1892 manibus

124 1916 313 1996 subiguntur.

69 2027 106 2077 20
214 2004 324 2066 GCIIII.
368 2004 570 2082 Emplastrum
594 2004 688 2065 viride
706 2005 855 2067 Thraseae
879 2007 1016 2086 cbIrurgi
1039 2008 1076 2069 ad
1099 2026 1140 2068 re·

125 2095 223 2155 centia
246 2093 348 2155 ulcera
370 2096 470 2154 minus
494 2112 575 2155 aere:
604 2094 689 2153 heris
712 2095 773 2154 usti
796 2113 824 2173 p.
848 2093 874 2153 X
898 2094 966 2175 XII,
991 2096 1061 2156 salis
1084 2115 1139 2157 am·

124 2185 253 2245 moniaci
275 2202 304 2262 p.
327 2181 353 2242 X
378 2181 463 2244 VIIII.
509 2182 589 2243 Ilaec
618 2190 716 2242 terere
744 2190 829 2244 aceto
857 2201 913 2262 per
941 2184 1056 2264 ahquot
1081 2185 1139 2246 dies

125 2281 255 2353 oportet,
279 2273 374 2333 donec
397 2271 500 2332 vixidis
528 2271 610 2331 color
637 2277 789 2350 appareat,
813 2278 917 2349 postea
940 2272 1060 2335 adicere
1084 2273 1140 2334 alu·

125 2364 214 2422 minis
237 2363 299 2422 fissi
322 2379 350 2439 p.
374 2359 399 2419 X
423 2360 482 2421 Vll.
528 2359 585 2420 Ubi
611 2361 670 2420 iam
698 2361 796 2420 omnia
823 2359 898 2420 levia
929 2360 1007 2423 facta
1031 2362 1140 2423 fuerint

69 2467 105 2517 25
125 2456 155 2509 et
182 2449 278 2509 mellis
311 2445 419 2528 liquidi
451 2456 684 2526 temperaturam
719 2447 893 2529 habuerint,
925 2467 1014 2510 cerae
1043 2450 1139 2530 pondo

119 2534 211 2619 ¹libre,
240 2538 356 2595 resinae
384 2536 488 2595 frictae
515 2535 614 2612 pondo
642 2534 717 2595 libre
741 2554 809 2597 cum
836 2535 894 2596 olei
918 2537 1034 2615 cyathis
1058 2541 1140 2617 quin·

124 2641 181 2701 que
205 2623 363 2701 liquefacta
386 2640 477 2701 super
496 2641 530 2683 ea
548 2622 719 2683 adiciuntur
737 2631 768 2684 et
786 2642 892 2685 rursus
910 2629 1056 2688 mortario
1075 2626 1140 2688 suh-

123 2712 255 2792 iguntur,
278 2711 547 2791 refrIgeratumque
575 2710 712 2772 manibus
741 2712 890 2791 subigitur
918 2731 953 2774 ao
976 2718 1140 2794 reponitur.

213 2800 293 2863 CCV.
334 2799 536 2880 Emplastrum
554 2801 648 2862 vlride
668 2800 835 2880 Tryphonis
859 2801 930 2863 lacit
949 2803 986 2863 ad
1010 2806 1139 2867 recentia

70 2910 105 2960 30
125 2891 257 2973 vulnera,
276 2909 394 2952 morsus
417 2890 581 2974 hominum,
604 2891 658 2952 sed
676 2891 836 2970 praeprue
855 2890 891 2951 ad
910 2898 1014 2953 vetera
1033 2893 1139 2972 ulcera,

127 2999 201 3059 quae
230 2981 310 3042 nullo
338 2980 426 3041 modo
455 2983 625 3043 cleatricem
653 2981 767 3041 ducunt
798 2986 828 3039 et
856 2977 947 3039 callos
975 2982 1139 3043 eminentes

125 3071 205 3130 circa
233 3088 265 3129 se
293 3070 411 3131 babent.
463 3069 590 3149 Oportet
622 3077 721 3131 autem
749 3077 821 3129 tunc
850 3085 910 3127 non
943 3066 1081 3151 linteolo,
1108 3078 1140 3130 ut

125 3164 234 3237 cetera,
257 3158 393 3239 inlinere,
417 3156 470 3217 sed
489 3157 643 3218 dilatatum
665 3158 759 3234 magis
776 3155 914 3216 menibus
937 3157 970 3217 in
994 3161 1140 3238 maguitu-

124 3241 225 3302 dinem
251 3245 382 3306 vulneris
411 3247 482 3305 satis
510 3263 644 3306 crassum
671 3247 816 3322 inponere
845 3263 997 3324 superque
1021 3246 1140 3309 liuteola

196 3450 230 3500 10
249 3445 399 3516 Triphonis
413 3449 441 3502 R
513 3453 547 3504 16
567 3449 622 3503 duo
636 3447 733 3503 Altos.
803 3453 836 3503 18
856 3450 893 3503 ed
911 3451 1008 3523 ignem
1027 3453 1138 3524 scripsi:

123 3517 160 3571 eb
178 3516 244 3587 igne
263 3515 299 3570 R.
372 3524 407 3571 20
427 3519 547 3574 Treseee
566 3518 601 3574 R.
675 3523 708 3572 29
728 3515 878 3587 Triphonis
897 3521 933 3578 R.
