2400 3922
106 107 171 171 116
418 100 490 158 LIIL
518 100 649 155 Andreae
668 99 808 156 Gostinio.

106 291 170 353 quo
194 289 270 331 sane
293 264 423 329 nomine
453 263 662 328 uehementer
687 262 752 328 tibi
779 262 928 349 gratulor
956 266 989 327 et
1011 263 1111 327 libera·

104 358 194 421 libus
222 352 417 439 disciplinis,
445 352 565 437 quibus
593 352 635 415 ab
663 351 728 416 ista
755 352 942 436 eloquentia
970 356 1111 436 quantum

107 444 289 511 ornamenti
306 442 413 528 possit
426 441 584 526 accedere,
602 445 711 504 mente
728 440 795 504 iam
813 441 990 525 prospicio.
1013 441 1111 527 Perge,

106 535 153 599 mi
181 532 323 618 Gostini,
352 553 412 615 per
440 553 511 594 eam
538 529 638 613 uiam,
668 551 751 613 quae
780 534 814 593 te
843 529 885 593 ad
910 530 1113 594 immortalem

82 623 247 710 agloriam
284 621 380 685 ducit.
428 619 511 683 nihil
546 617 726 702 optabilius
764 618 919 703 sapienti,
958 639 1054 703 quam
1085 640 1113 681 ea

109 733 276 797 quaerere,
306 730 387 793 quae
410 708 530 794 uulgus
553 706 744 792 contemnit,
772 728 828 770 eos
851 706 941 771 uitae
965 707 1115 791 terminos,

109 823 192 886 quos
219 804 334 863 natura
365 795 589 882 praescripsit,
621 795 742 860 uirtute
772 796 928 880 proferre.
981 796 1065 880 quod
1087 800 1115 859 tu

109 894 205 973 potes
232 891 265 950 et
292 885 378 949 uelle
406 884 517 969 debes,
548 889 595 969 et,
624 889 661 948 ut
690 884 785 969 uelis,
816 905 877 970 ego
907 889 941 949 te
970 883 1116 950 amicitiae

109 997 221 1040 caussa
243 995 348 1058 nuper
375 973 548 1037 internos
577 973 748 1037 institutae
775 995 842 1037 non
870 971 979 1038 solum
1007 994 1117 1056 moneo,

70 1085 223 1129 rouerum
246 1063 345 1126 etiam
367 1083 456 1147 rogo.
497 1061 547 1125 De
570 1061 765 1148 migratione
782 1065 896 1126 nostra
914 1062 1012 1127 uideo
1035 1067 1066 1127 te
1086 1083 1118 1125 ex

109 1152 248 1216 aliorum
273 1150 394 1215 litteris
422 1149 622 1236 cognouisse.
667 1172 754 1215 nune
781 1172 822 1214 ex
849 1150 931 1214 meis
959 1152 1024 1216 hoc
1050 1150 1118 1216 scito

110 1241 264 1327 ampliuS,
292 1262 366 1305 cum
387 1239 442 1303 hic
464 1238 767 1304 honestissimorum
785 1238 957 1303 hominum
982 1245 1016 1304 et
1038 1241 1120 1304 bene

110 1330 255 1395 uolentia
278 1334 311 1393 et
334 1327 565 1393 consuetudine
589 1329 687 1413 fruar,
709 1349 768 1392 nee
791 1328 872 1391 mihi
897 1327 1075 1413 quidquam
1094 1328 1123 1391 in

110 1423 253 1483 mentem
276 1418 403 1482 uenerit
426 1421 540 1500 optare
559 1439 596 1480 ac
614 1420 736 1501 petere,
759 1415 846 1500 quod
869 1439 888 1479 a
907 1439 1037 1483 summo
1051 1417 1123 1482 Pon·

72 1529 98 1570 15
112 1507 199 1572 tifiee
231 1507 291 1572 Pio
323 1505 378 1572 IV.
410 1528 477 1571 non
508 1505 602 1571 facile
634 1506 698 1570 simv
728 1509 934 1591 consecutus,
972 1507 1050 1593 angi
1080 1527 1124 1570 me

111 1602 231 1681 tamen,
254 1596 341 1682 quod
363 1595 480 1661 studiis
497 1594 626 1679 nostris,
650 1615 787 1679 quorum
806 1615 887 1678 quae
912 1594 956 1659 sit
981 1595 1126 1677 suauitas,

112 1687 183 1770 ipse
213 1686 335 1769 optime
363 1685 464 1769 nosti,
493 1684 540 1747 ita
567 1683 716 1766 diuellar,
745 1687 782 1747 ut
809 1705 850 1746 ex
877 1682 933 1767 iis,
961 1705 1046 1768 quae
1073 1705 1126 1768 pro

113 1774 277 1839 communi
300 1773 442 1837 utilitate
465 1795 531 1837 non
554 1793 657 1855 pauca
680 1793 768 1835 eram
791 1793 939 1857 exorsus,
963 1777 1127 1856 pertexere

112 1862 196 1925 nihil
227 1861 333 1925 liceat.
379 1882 477 1943 quam
513 1860 684 1944 iacturam,
718 1861 855 1925 fortasse
887 1882 923 1924 re
955 1861 1128 1944 minimam,

73 1953 236 2033 notamen,
266 1953 303 2012 ut
334 1947 374 2011 ad
403 1948 560 2013 iuuandas
590 1949 693 2013 bonas
723 1953 809 2012 artes
839 1948 941 2013 animi
967 1951 1036 2014 mei
1063 1972 1129 2034 pro-

114 2037 228 2124 pensio
252 2042 313 2122 est,
340 2038 409 2101 fero
433 2036 669 2102 molestissime.
716 2036 872 2113 Quocirca
895 2037 960 2102 tibi
984 2039 1051 2103 iam
1074 2038 1130 2103 tui-

115 2151 177 2214 que
205 2127 381 2211 similibus,
412 2126 468 2211 qui
495 2126 576 2191 mihi
604 2126 772 2191 uoluntate
802 2148 898 2210 pares
926 2126 1076 2192 doctrina
1102 2132 1131 2192 et

115 2219 183 2283 otio
215 2219 395 2302 praestant,
425 2238 531 2303 cogor
562 2215 687 2281 tradere
720 2214 867 2301 uigiliam
898 2237 1007 2280 meam
1039 2216 1131 2301 idque

114 2307 198 2370 facio
240 2306 469 2390 libentissime,
511 2306 566 2390 qui
607 2304 732 2388 publici
774 2304 932 2368 commodi
975 2305 1131 2370 rationem

75 2393 221 2476 seipsam
249 2417 309 2477 per
335 2417 382 2477 se,
409 2416 476 2458 non
502 2416 575 2458 cum
603 2415 673 2456 mea
700 2392 794 2457 laude
818 2393 1038 2479 coniunctam,
1066 2395 1131 2479 plu·

115 2481 190 2544 rimi
213 2502 343 2563 semper
360 2481 499 2545 fecerim.
536 2481 608 2564 Ego
627 2480 699 2564 tibi,
722 2481 751 2544 si
772 2481 851 2566 quid
874 2503 991 2567 operae
1016 2504 1132 2548 nauare

114 2590 261 2651 possum,
283 2569 317 2630 id
339 2571 445 2631 totum
468 2567 624 2650 polliceor
645 2589 683 2632 ao
706 2568 823 2635 defero.
870 2571 1011 2636 seruiam
1033 2572 1132 2636 liben·

115 2655 253 2739 tissime,
282 2659 439 2740 quantum
463 2655 498 2718 in
524 2677 576 2720 me
600 2656 675 2740 erit,
702 2658 865 2723 uoluntati
892 2661 1132 2745 commodisque

116 2744 192 2810 tuis.
228 2744 309 2808 Vale
334 2748 366 2808 et
384 2743 518 2808 Petrum
536 2744 739 2833 Misoouium,
761 2747 924 2813 Andream
946 2748 1132 2832 Patricium,

77 2858 104 2899 ao
118 2833 298 2922 singulares
321 2833 422 2918 uiros,
446 2833 566 2917 quibus
588 2836 725 2902 fortasse
749 2838 926 2902 excidimus
949 2837 1131 2904 intermisso

117 2924 300 2989 litterarum
337 2922 457 3007 officio,
493 2947 573 3011 rogo
607 2930 656 3013 te,
697 2926 777 2992 meis
814 2927 924 2991 uerbis
961 2927 1132 3014 diligenter

118 3014 232 3079 saluta.
277 3012 399 3077 Romae
424 3011 593 3097 [MDLXH
616 3021 673 3080 aut
695 3015 888 3100 MDLXHH.

519 3264 732 3276 -.-=—-—-·
