2400 3922
324 167 434 226 xxxv.
458 167 498 226 10.
518 168 799 240 seposueram.
1025 173 1066 237 11

43 330 173 418 potius,
204 334 245 395 ut
272 353 348 396 uere
377 330 492 415 dicam,
523 333 556 394 et
583 329 680 395 simul
708 354 832 416 omnes,
853 334 916 418 qui
943 339 977 399 te
1000 334 1069 399 dili-

45 424 146 506 gunt,
184 439 264 484 cura
295 419 450 506 solicitat,
485 441 526 484 ne
562 423 596 482 te
630 420 727 484 nobis
764 420 903 505 eripiant
936 445 1069 506 prorsus

45 508 154 573 aulica
186 507 335 594 negotia,
372 508 419 572 sic
452 514 490 573 ut
520 507 562 572 iis
594 508 787 594 disciplima,
824 531 959 594 quarum
991 535 1069 578 usus

46 602 221 662 aeternum
245 560 342 661 decui
364 597 464 682 parit,
491 597 595 661 salute
623 596 744 661 dicta
735 618 838 663 111111
865 598 1000 682 patiaris
1023 622 1069 687 ea,

47 706 131 771 quae
160 683 257 751 mult'
232 689 277 750 111
300 689 375 750 ante
342 648 599 751 temerisibus
590 685 684 750 mstit
684 686 796 750 utasi
825 688 952 771 quando
976 690 1069 772 perfi-
1095 709 1110 749 s

48 774 128 860 cias,
156 773 317 838 maiorem
344 772 379 839 in
401 774 533 840 modum
555 776 589 838 et
615 773 756 876 posteris
783 779 816 839 et
843 775 966 862 gloriae
993 780 1068 841 tuae

50 862 182 928 semies.
231 878 329 947 quam
354 862 475 928 multos
502 861 589 927 enim
620 863 724 949 egisse
747 885 873 929 mecum
896 864 1069 1018 diligenter

51 951 293 1036 existimas,u
293 951 536 1028 1111111111
537 973 554 1015 1
521 951 629 1016 tad
659 951 890 1017 absoluendam
922 951 1069 1037 poeticae

50 1003 248 1106 imitationis
275 1043 378 1104 artem
404 1044 474 1126 aut,
506 1040 535 1106 si
561 1039 691 1105 absolut
677 1044 744 1105 11111
771 1041 886 1125 habes,
914 1043 1068 1107 continuo

53 1127 309 1215 dinulgandam?
350 1091 541 1212 quibusiut
565 1128 745 1230 aliquando
778 1129 970 1218 satisfacias,
1006 1131 1068 1197 etsi
1082 1153 1110 1193 11

51 1216 207 1304 languere
231 1217 296 1281 te
287 1240 322 1281 1n
344 1220 401 1282 tua
422 1218 517 1283 laude
540 1217 596 1282 uix
620 1216 748 1319 opinor,
776 1223 885 1283 tamen
907 1184 985 1303 peto
1009 1221 1069 1285 abs

54 1310 96 1390 te,
129 1310 291 1407 quantum
328 1306 513 1372 humanitas
548 1310 605 1371 tua
641 1306 788 1391 permitti
776 1312 811 1372 11.
860 1329 920 1372 nec
951 1313 1069 1393 tamen,

56 1395 153 1459 etiam
185 1394 214 1459 si
246 1398 304 1458 tua
334 1417 386 1459 res
416 1417 483 1460 non
515 1399 677 1482 ageretur,
709 1395 884 1462 amicitiam
915 1401 1069 1484 nostram,

56 1505 150 1567 quam
175 1503 240 1568 ego
267 1483 501 1549 sanctissimam
529 1506 655 1568 semper
681 1483 779 1569 colui,
805 1485 888 1549 nihil
915 1508 934 1548 a
956 1489 988 1549 e
1011 1509 1068 1549 1111

56 1576 256 1654 petraturam
283 1572 484 1638 confiderem.
535 1573 684 1658 equidem
710 1536 793 1637 nihil
821 1573 850 1636 ei
878 1572 1069 1659 denegarem
1083 1592 1108 1632 15

56 1659 149 1745 idque
181 1664 230 1745 te,
267 1660 353 1743 q'uod
384 1665 494 1726 tamen
527 1661 765 1727 secundissimis
801 1661 900 1725 rebus
931 1682 968 1725 ac
1000 1660 1068 1725 sine

56 1748 241 1814 molestiat
227 1753 283 1813 tua
305 1749 376 1836 fiat,
401 1749 498 1833 cupio
522 1749 670 1835 experiri
701 1749 774 1836 Ego
797 1771 848 1813 me
872 1749 988 1814 adlitt
959 1753 1069 1836 tt,eras

57 1837 217 1922 aquibus
239 1802 376 1903 inuitus
385 1836 604 1926 discesseram,
629 1860 779 1904 reuocare
803 1839 909 1924 coepi,
932 1839 1069 1922 adeptus

57 1946 147 1992 usum
171 1925 352 2011 oculorum,
380 1949 477 2012 quem
503 1932 559 1992 ant
561 1949 598 1992 ea
621 1927 845 2029 desperabam,
873 1928 983 1993 diuina
1005 1927 1069 2011 pri·

57 2037 140 2081 mum
172 2037 250 2100 ope,
282 2015 317 2080 in
349 2038 412 2100 qua
442 2020 583 2082 statuere
617 2017 724 2082 omnia
755 2017 922 2102 consueui,
955 2016 1068 2080 deinde
1082 2037 1108 2076 1ο

56 2101 215 2169 (1111111111
236 2103 390 2188 Faloppii
417 2105 519 2170 scient
520 2105 552 2170 ia
574 2105 738 2258 singulari
785 2105 836 2170 cui
859 2105 929 2169 uiro
955 2103 1067 2188 quanti

54 2191 134 2258 hanc
163 2191 249 2257 lucis
279 2213 421 2279 usuram,
449 2192 534 2259 idest
561 2194 674 2278 quanti
701 2194 803 2258 uitam
829 2192 926 2278 facio,
955 2195 1068 2276 quant1

54 2281 151 2346 etiam
180 2281 412 2365 praeclarat
372 2245 598 2347 litterarums
599 2282 689 2347 tudia
718 2281 799 2346 mihi
828 2285 918 2366 sunt,
948 2279 1068 2365 quibus

53 2370 105 2435 uix
132 2370 209 2455 ipsa
238 2369 307 2435 uita
334 2370 438 2454 pluris
465 2375 527 2455 est,
557 2371 613 2435 uni
640 2371 737 2455 plane
764 2374 870 2433 totum
900 2373 1069 2453 acceptum

51 2459 162 2525 refero.
211 2457 372 2542 siquidem
400 2458 468 2523 eius
496 2459 655 2544 doctrina,
682 2457 879 2544 humanitas,
907 2458 1108 2542 exquisitam

51 2568 126 2614 arra
148 2545 327 2632 pristinam
350 2546 430 2610 mihi
454 2546 685 2632 ualetudinem,
709 2547 839 2612 omnino
862 2547 1068 2633 profligatam

51 2658 85 2702 ac
113 2635 295 2721 perditam,
326 2639 535 2719 conspectum
561 2635 738 2700 liberorum
765 2657 923 2721 meorum,
953 2635 1069 2701 amico-

49 2745 120 2790 rum
149 2723 329 2809 colloquia,
357 2722 517 2788 librorum
545 2724 738 2789 suauitatem
767 2724 924 2809 restituit,
957 2728 1007 2808 ut,
1040 2724 1068 2788 si

50 2835 146 2898 quem
170 2811 309 2896 optimis
336 2812 461 2877 artibus
485 2812 643 2878 industria
669 2816 781 2877 nostra
809 2814 950 2877 fructum
977 2813 1068 2894 feret,

51 2902 78 2967 ei
98 2900 230 2990 gratiae
254 2899 448 2985 debeantur,
476 2901 566 2967 cuius
590 2924 651 2985 ope
675 2923 711 2967 ac
734 2901 841 2966 studio
865 2901 987 2966 factum
1010 2901 1067 2982 est,
1081 2915 1108 2956 ao

52 2988 335 3056 1111111111111111111
362 2989 515 3054 diuturno
542 3011 579 3055 ac
606 2989 790 3074 perdifficili
819 2988 934 3053 morbo
962 2989 1068 3069 post-

52 3079 154 3145 ritatis
180 3077 382 3142 adiuuandae
406 3078 670 3143 consuetudinem
688 3077 860 3162 aliquando
878 3078 1067 3158 repeterem

10 3160 12 3171 '
53 3163 97 3233 lh
125 3167 213 3234 mihi
242 3165 324 3230 det
310 3170 409 3231 tsuo
410 3171 481 3232 tatu
510 3167 713 3252 maximeque
743 3166 781 3229 de
810 3162 939 3228 Alfonsi
968 3162 1070 3228 Ducis

10 3260 12 3269 '
55 3256 222 3321 conatibus
242 3254 384 3341 egregiis
403 3255 443 3318 ad
460 3255 694 3321 honestandam
712 3254 875 3338 uirtutem,
895 3253 933 3316 de
950 3252 1069 3336 quibus

56 3342 165 3410 fama
154 3367 224 3409 ram
248 3343 500 3429 percrebuit,
475 3366 502 3408 s1
527 3344 604 3428 quid
628 3342 874 3430 significaueris,
902 3363 1068 3427 argumen-
1082 3359 1108 3400 11

57 3433 118 3500 lum
146 3432 213 3500 erit
243 3430 364 3496 amoris
393 3431 428 3497 in
454 3454 506 3496 me
534 3432 596 3516 tui,
629 3453 692 3517 quo
719 3430 833 3496 laetari
861 3430 1068 3495 uehementer

59 3519 143 3589 soleo.
190 3519 290 3606 Vale,
311 3519 459 3586 Venetiis
483 3518 656 3605 [MDLIX].

454 3662 668 3674 ------·
