2430 3922
161 181 202 246 16
478 181 525 236 ΙΧ.
553 179 709 236 Benedicto
728 179 853 235 Accolto.

160 343 272 407 tritam
294 341 486 426 reliquisset,
510 342 662 425 expedito
686 362 781 406 cursu
804 340 844 404 ad
867 360 1025 406 summam
1047 338 1202 407 laudem.

159 431 363 516 gloriamque
390 429 629 513 contenderem,
658 430 692 494 id
718 430 822 495 multo
850 428 956 493 acrius
983 427 1066 492 facio
1089 451 1176 494 nune

158 519 277 583 iudicio
305 519 344 582 de
371 541 422 582 me
449 518 603 583 incitatus
630 523 696 582 tuo.
739 517 790 582 cui
816 539 930 582 uereor
954 516 1115 602 equidem,
1139 523 1176 582 ut

158 607 352 690 respondere
389 607 529 689 possim,
565 610 598 669 et
635 610 684 670 est
721 627 797 670 sane
837 604 1072 669 difficillimum.
1118 606 1176 670 sed

130 700 279 779 stamen,
308 695 461 778 quoniam
483 695 530 758 ita
552 698 682 777 tempus
705 716 799 758 omne
822 715 930 758 meum
952 693 1099 781 traduco,
1128 699 1175 778 ut,

159 787 316 867 quantum
339 781 533 846 ualetudinis
560 782 644 846 ratio
664 781 798 866 patitur,
821 781 856 845 in
873 781 992 846 litteris
1011 802 1120 846 uerser
1142 787 1174 846 et

159 872 250 956 quasi
275 871 459 935 diuturnam
481 869 571 934 sitim
595 869 724 954 explere
749 870 882 953 cupiens
906 869 1020 933 iisdem
1042 891 1083 933 ex
1105 871 1175 934 fon·

158 960 257 1043 tibus,
280 958 363 1022 unde
386 957 443 1021 illa
465 959 642 1044 fluxemmt,
671 979 752 1042 quae
779 962 855 1023 sunt
882 957 1013 1021 laudum
1043 961 1174 1023 tuarum

158 1047 306 1130 maxima,
330 1045 503 1132 diligenter
529 1046 689 1111 hauriam:
716 1068 782 1110 non
811 1046 945 1129 despero
969 1046 1052 1128 fore,
1079 1050 1174 1111 utet

118 1156 144 1196 10
158 1135 306 1200 homines
331 1135 474 1199 officiat
460 1139 517 1199 tua
540 1135 623 1199 bene
646 1135 754 1219 posita
778 1134 965 1199 existiment
988 1137 1021 1197 et
1043 1138 1080 1199 tu
1059 1155 1093 1219 u,
1116 1135 1173 1218 qui

157 1223 220 1287 tibi
257 1245 275 1286 a
303 1245 354 1287 me
382 1223 507 1288 fructus
535 1223 654 1287 debent
640 1227 706 1309 tur,
738 1244 793 1288 eos
824 1243 891 1287 non
922 1223 1172 1288 contemnendos

157 1311 328 1462 aliquando
352 1311 520 1413 percipias.
567 1312 657 1376 cuius
684 1310 731 1376 rei
754 1311 923 1375 maturitas
952 1310 1028 1375 dum
1051 1310 1172 1397 ueniat,

157 1399 233 1465 est
224 1403 273 1463 mt
275 1422 347 1464 erea
365 1399 429 1464 mei
449 1399 548 1465 officii
566 1400 615 1464 tui
634 1399 821 1464 memoriam
841 1421 965 1464 summa
983 1420 1057 1462 eum
1076 1399 1172 1463 bene-

157 1487 300 1553 uolentia
323 1488 523 1553 sanctissime
541 1509 578 1553 ac
596 1487 837 1574 religiosissime
860 1488 1010 1572 coleret
1012 1508 1071 1551 uae
1092 1509 1170 1552 uero

117 1597 143 1637 ιι
157 1575 306 1641 humanit
292 1576 369 1641 tatis
398 1599 468 1641 eam
494 1577 710 1659 uoluntatem,
738 1576 897 1660 quemad
920 1599 971 1640 me
995 1575 1172 1640 iuuandum

156 1670 213 1731 tua
235 1669 352 1748 sponte
376 1665 551 1750 contulisti,
573 1670 732 1749 perpetuo
751 1665 898 1729 retinere.
937 1663 1171 1748 quorum'alte-

155 1775 227 1818 rum
251 1775 311 1838 ego
336 1774 432 1837 quam
460 1758 575 1838 potero
604 1752 849 1839 diligentissime
873 1753 1000 1818 faciam:
1031 1750 1171 1817 alterum
1198 1821 1201 1830 ,

117 1887 120 1894 1
156 1846 192 1904 tu
215 1845 253 1904 ut
275 1841 383 1927 facias,
406 1845 541 1924 propter
563 1841 786 1906 incredibilem
807 1846 940 1906 naturae
959 1845 1033 1905 tuae
1058 1840 1171 1926 benig-

154 1928 291 1993 nitatem
327 1951 367 1993 ne
405 1929 623 1994 admonendus
658 1929 787 2013 quidem
825 1951 867 1995 es.
900 1928 990 1994 Vale.
1022 1927 1171 1993 Venetiis

114 2037 141 2078 ιι
156 2015 395 2100 [ιιιιιιιιιιιι.

553 2161 765 2169 -——-...-.—-—-

630 2350 684 2415 IX.

153 2488 188 2553 Ρ.
218 2488 413 2554 Manutius
445 2490 504 2554 Be.
537 2488 699 2555 Accolto
729 2492 935 2556 Rauennae
971 2490 1168 2557 cardinali

610 2593 640 2660 S.
664 2596 702 2661 D.

241 2717 376 2803 Vereor,
398 2740 439 2782 ne
462 2722 499 2782 ιιι
522 2740 573 2782 me
592 2723 688 2802 putes
706 2721 741 2786 in
759 2719 928 2785 scribendo
952 2721 1073 2785 factum
1097 2743 1168 2786 esse

112 2833 139 2874 aa
152 2806 321 2906 negligent
323 2828 418 2891 em,e
401 2806 463 2870 etsi
482 2828 627 2872 caussam
645 2831 734 2873 meae
754 2813 856 2874 cessat
842 2808 941 2873 tionis
960 2808 1001 2871 ab
1021 2808 1082 2873 Oct
1068 2809 1168 2893 tauic,

152 2895 338 2980 utuopinor,
360 2858 462 2959 liabes
477 2895 648 2982 cognitam
684 2901 812 2962 uerumt
813 2918 906 2961 amen
924 2898 1060 2961 fortasse
1079 2898 1168 2963 enim

152 2989 189 3048 tu
219 2984 265 3048 ita
292 2983 460 3048 existimes
466 3034 476 3068 ,
507 2985 630 3050 nullam
660 2985 904 3070 occupationem
934 3007 1002 3050 esse
1031 2990 1168 3071 tantam,

153 3094 234 3155 quae
272 3071 370 3137 officii
403 3094 532 3137 cursum
566 3074 722 3138 debeat
713 3098 747 3139 m
748 3079 955 3156 terrumpere.
1008 3073 1064 3137 sed
1096 3039 1168 3139 noli

153 3160 279 3224 credere
303 3183 354 3224 me
377 3165 445 3225 tam
468 3161 662 3226 abundare'
653 3163 798 3248 ingenio,
820 3165 857 3225 ut
843 3161 970 3225 tnullo
993 3162 1165 3244 proposito
1200 3216 1204 3224 .

111 3275 138 3314 eo
151 3252 341 3347 argumento
369 3249 477 3333 facile,
506 3251 696 3333 praesertim
725 3250 766 3314 ad
768 3255 834 3350 ἰθ,
864 3249 987 3332 possim
1014 3249 1167 3335 scribere,

151 3335 207 3418 qui
231 3357 304 3400 cum
326 3342 516 3423 argumento
482 3338 720 3403 tmehereule
742 3337 798 3402 uix
822 3359 961 3422 possum.
1008 3358 1089 3421 quae
1113 3359 1166 3402 res

240 3534 274 3583 22
294 3528 337 3582 Ex
355 3528 484 3598 epistulis
499 3527 674 3584 Manutianis
694 3528 875 3585 aRenuardo
894 3528 978 3585 editis
997 3545 1063 3597 pag.
1074 3528 1155 3600 328s9
1158 3571 1165 3585 .
