2400 3922
120 194 183 260 138
447 196 528 253 XLV.
552 193 653 250 Ioanni
669 195 794 250 Morono.

115 357 386 440 quemadmodum
407 363 523 423 natura
546 380 617 422 mea
641 358 705 421 fert
727 379 786 422 nec
810 357 938 422 bonitas
961 361 1018 420 tua
1038 377 1106 420 recu·
1137 340 1168 461 ,j

114 450 173 530 sat,
196 469 236 511 ex
261 447 327 512 alta
350 447 487 532 quadam
510 469 568 530 spe
592 447 745 511 turbatus
763 447 902 511 concidit
924 445 1108 529 afflictusque

113 534 198 602 iacet
217 537 342 602 animus
364 557 462 600 meus.
509 535 658 618 equidem
685 535 726 599 iis
751 533 974 600 Cardinalibus
1000 539 1133 609 tantum,¹

112 625 234 713 tribuo,
248 631 404 712 quantum
417 647 528 689 eorum
542 645 667 688 summa
680 624 787 689 uirtus
804 646 841 689 ac
860 624 1000 710 dignitas
1017 627 1108 707 postu·
1123 702 1154 713 „.

88 715 176 782 alat:
200 737 299 801 aeque
323 736 432 778 omnes
456 713 566 798 diligo,
589 735 691 796 aeque
711 714 791 777 colo.
838 713 893 778 sed
912 712 953 776 ad
970 735 1023 777 eos
1039 713 1108 776 certe
1125 736 1140 763 :-

114 805 238 870 nullam
260 803 399 868 arbitror
421 802 546 888 negotii
569 801 633 865 mei
657 807 785 885 partem
808 802 954 866 attinere.
998 799 1107 865 APon·
1130 806 1137 883 J

114 895 201 958 tifice
229 914 300 957 sum
326 892 464 955 Romam
492 891 677 975 arcessituS,
710 914 729 955 a
755 890 915 956 Pontifice
949 886 1107 955 discedendi
1125 916 1140 959 -,·

112 983 300 1045 facultatem
322 985 408 1064 peto
445 980 473 1044 si
493 984 639 1064 potestas
662 979 841 1064 quaeritur:
864 980 962 1045 unius
980 983 1027 1044 est
1044 999 1108 1043 sum·
1132 976 1168 1059 ’Ξ

112 1091 177 1154 1111;
200 1069 229 1134 si
247 1069 442 1134 liberalitas:
460 1091 543 1134 unus
562 1069 657 1133 unico
676 1070 777 1133 uerbo
796 1068 973 1153 pollicetur
991 1072 1021 1132 11
1038 1087 1107 1151 prae
1136 1060 1168 1143 ἷξ-

73 1182 98 1223 10
112 1162 191 1244 stat3
218 1157 246 1223 si
275 1158 429 1245 dignitas:
463 1180 543 1242 quae
572 1157 675 1222 maior
705 1162 767 1242 est,
801 1180 899 1242 quam
928 1180 948 1221 a
973 1155 1108 1222 Pontifice
1129 1144 1168 1201 ἕ

112 1252 264 1313 uocatum
288 1270 366 1334 esse,
389 1271 408 1312 a
425 1247 583 1312 Pontifice
603 1269 676 1310 cum
695 1246 855 1332 dignitate
875 1246 1018 1311 dimitti?
1039 1244 1108 1308 Haec
1137 1230 1168 1333 Ξ

112 1359 184 1401 mea
203 1336 336 1401 consilia
355 1341 439 1400 sunt.
478 1335 597 1419 quibus
616 1340 733 1418 tamen,
752 1340 789 1399 ut
804 1336 916 1422 debeo,
936 1340 1110 1418 anteponam
1157 1394 1161 1401 .

111 1431 176 1490 tua.
223 1425 302 1489 satis
326 1425 412 1489 enim
436 1425 640 1509 exploratum
662 1425 768 1488 habeo
798 1424 882 1488 nihil
909 1429 944 1488 te
973 1423 1109 1510 cogitasse
1145 1440 1168 1503 ᾗ

112 1515 182 1580 sine
210 1536 335 1580 summa
362 1514 502 1599 ratione,
529 1513 612 1578 nihil
640 1517 787 1577 acturum
814 1513 884 1577 sine
908 1535 1034 1578 summa
1054 1530 1110 1594 pru·
1151 1536 1168 1609 Ξ

72 1627 98 1668 11
113 1603 230 1669 dantia.
276 1603 413 1667 etmihi
438 1625 554 1687 parum
577 1602 610 1666 in
630 1622 690 1666 usu
709 1624 817 1666 rerum
839 1606 971 1666 uersato
996 1603 1112 1666 obseura
1158 1630 1168 1689 ;

111 1693 217 1758 multa
237 1696 321 1756 sunt.
368 1696 405 1756 tu
432 1696 598 1774 tamquam
624 1690 772 1775 Lynceus
794 1690 886 1754 uides
911 1692 1032 1774 omnia,
1057 1708 1112 1772 pro·
1157 1690 1168 1761 ἕ

112 1783 210 1846 batus
232 1801 291 1864 per
312 1784 417 1844 totam
440 1784 580 1866 aetatem
602 1779 643 1842 iis
666 1779 849 1844 actionibus
873 1783 907 1843 et
931 1780 1026 1863 curis,
1047 1775 1113 1842 unde
1150 1768 1168 1841 ’1

111 1871 200 1934 salus
227 1869 360 1953 publica
387 1869 519 1932 minime
548 1868 647 1932 dubio
676 1869 836 1932 honorum
865 1869 1014 1933 omnium
1040 1863 1114 1931 testi·
1149 1848 1168 1951 Ξ

110 1959 221 2022 monio
240 1958 393 2021 manauit.
429 1958 502 2042 Ego
521 1979 572 2020 me
592 1957 700 2042 semel,
718 1979 785 2021 non
802 1961 925 2021 temere
945 1961 1003 2022 aut
1020 1976 1115 2040 repen·
1157 1980 1168 2035 „2

70 2069 96 2108 ao
108 2045 181 2110 tina
204 2047 342 2130 quadam
365 2046 533 2110 uoluntate
552 2046 721 2129 impulsus,
743 2045 800 2110 sed
818 2046 991 2128 explorata
1008 2046 1117 2110 ratione
1165 2064 1168 2071 ·

111 2139 265 2218 certoque
289 2135 407 2199 iudicio
432 2135 589 2199 adductus
616 2135 651 2198 in
678 2135 861 2199 clientelam
889 2139 983 2199 tuam
1007 2130 1117 2214 tradidi,

111 2246 163 2288 me
185 2224 372 2308 liberosque
396 2247 485 2289 meos
508 2229 582 2288 tuae
606 2224 812 2309 potissimum
834 2222 911 2286 fidei
940 2223 1118 2288 beneuolen-

110 2313 240 2396 tiaeque
266 2315 420 2378 commisi.
468 2314 577 2377 eadem
599 2313 680 2377 mihi
703 2316 862 2396 perpetuo
886 2335 990 2398 menS,
1014 2312 1120 2392 eadem,

110 2400 218 2483 quoad
236 2401 357 2487 uiuam,
380 2404 414 2467 111
437 2407 470 2466 11
494 2425 559 2466 uno
583 2403 645 2465 sita
669 2424 743 2485 spes
767 2401 836 2464 erit.
882 2405 920 2464 tu
944 2425 997 2466 me
1021 2421 1121 2466 ornan·

69 2509 96 2551 as
110 2488 197 2574 dum,
225 2492 423 2575 augendum,
450 2491 605 2554 tuendum
633 2490 817 2574 suscepisti,
845 2511 942 2573 saepe
973 2491 1043 2554 uidi
1071 2508 1121 2574 pro

108 2576 268 2642 uarietate
292 2601 400 2642 rerum
418 2600 561 2642 mearum
586 2582 618 2640 et
641 2579 800 2642 laetitiam
824 2583 857 2642 et
880 2579 1123 2645 sollicitudinem

108 2669 209 2729 tuam.
254 2687 341 2730 nuno
364 2671 531 2749 tamquam
559 2667 665 2730 bonus
695 2667 813 2730 artifex
836 2672 931 2730 tuum
955 2673 993 2731 ut
1018 2687 1123 2752 perpo-

109 2753 171 2820 lias
199 2776 283 2839 opus
311 2776 348 2817 ao
376 2756 525 2837 perficias
553 2759 692 2838 oportet.
739 2756 869 2839 expedi,
897 2756 1049 2842 obsecro,
1078 2774 1124 2819 me

110 2843 173 2908 hac
190 2842 347 2924 molestia,
370 2842 424 2905 uel
442 2843 553 2926 potius
571 2844 633 2909 hoo
651 2868 703 2909 me
722 2845 866 2929 periculo
890 2844 1004 2909 libera.
1043 2844 1125 2910 uides

71 2955 99 2996 1ο
112 2931 201 2998 enim
222 2954 295 2997 cum
316 2931 463 2995 Romano
493 2932 581 2996 caelo
605 2933 737 2999 minime
766 2934 830 2998 iam
853 2935 1028 2998 conuenire
1052 2930 1125 2998 mihi

112 3043 219 3108 posse,
241 3020 408 3086 adductam
431 3041 500 3082 esse
520 3021 555 3085 in
574 3027 754 3088 extremum
772 3024 839 3087 fere
858 3022 1032 3087 discrimen
1051 3022 1126 3088 salu·

112 3116 181 3175 tem
204 3132 321 3194 meam,
343 3111 534 3172 autumnum
559 3112 742 3194 aduentare,
767 3112 857 3175 cuius
882 3111 1075 3175 uarietatem
1097 3112 1127 3172 11

111 3198 376 3283 inconstantiam,
404 3196 458 3260 hic
485 3196 513 3260 si
541 3220 762 3283 permansero,
790 3222 862 3263 mea
894 3204 981 3263 certe
1011 3220 1126 3283 nequa·

111 3309 210 3372 quam
239 3289 322 3352 feret
353 3284 567 3350 imbecillitas.
618 3286 772 3351 Venetias
802 3287 914 3351 multis
941 3289 1126 3352 nominibus

72 3399 98 3441 as
112 3375 221 3462 cogito
240 3375 337 3459 idque
356 3374 436 3439 mihi
455 3373 597 3458 primum
616 3378 666 3438 est
687 3379 719 3439 et
738 3380 867 3458 praeter
891 3381 997 3440 cetera
1017 3383 1126 3462 optan-

112 3466 197 3530 dum.
235 3464 291 3530 sed
314 3463 341 3529 si
364 3464 418 3529 uel
440 3486 499 3548 per
514 3463 719 3547 Pontificem,
743 3465 828 3546 quod
846 3486 912 3527 non
932 3466 1059 3548 opinor,
1078 3463 1128 3530 uel

113 3578 172 3640 per
196 3553 418 3639 quotidianam
440 3554 577 3639 febrem,
601 3552 686 3638 quod
709 3553 813 3638 magis
836 3556 960 3638 metuo,
988 3555 1127 3638 patriam
