2430 3922
365 183 491 241 XXXIV
510 185 663 256 Stephano
672 183 780 241 Saulio.
1039 185 1080 251 73

62 347 98 412 ιιι
131 349 165 410 te
198 366 264 411 uno
296 345 464 412 abundant
491 345 610 432 omnia,
642 347 822 434 ingenium,
854 369 932 412 usus
960 347 1030 413 diut
1016 353 1081 414 t-ur

59 457 132 519 nus,
156 433 312 519 doctrina,
338 434 502 499 iudicium.
539 399 639 519 quid?
672 458 751 520 opes
779 440 811 500 et
797 437 969 501 tfortuna
991 460 1081 502 num·

60 522 141 608 quid
171 523 237 588 huc
271 523 463 608 pertinent?
507 523 582 588 illae
620 546 698 589 uero
734 546 806 588 mea
838 524 998 590 sententia
1028 527 1082 591 uel

59 611 210 676 maxime.
257 632 386 676 cursum
409 612 496 676 enim
518 612 723 699 ingeniorum
745 613 897 697 retardat,
920 614 1005 678 uires
1030 613 1080 678 de-

61 700 173 765 bilitat
196 722 234 765 ac
256 700 411 787 frangit
402 700 520 784 mopia.
567 723 608 766 an
636 706 673 767 tu
696 705 757 786 put
758 723 793 766 as
742 700 927 766 tAsisto
928 701 1025 766 telem
1049 707 1082 767 et
1110 726 1123 766 ι

60 789 247 872 Platonem,
264 788 322 852 illa
337 787 487 853 Graeciae
505 790 637 874 lumina,
657 813 698 854 an
720 789 906 855 Ciceronem
928 794 1083 873 nostrum,

58 900 102 942 an
124 876 272 960 Plinium
294 881 361 941 tam
383 877 486 941 multa
509 878 654 962 potuisse
677 879 795 943 litteris
824 879 990 961 mandare,
1019 879 1084 944 nisi

61 987 226 1031 summum
238 965 304 1030 illis
314 965 417 1031 otium
428 987 536 1031 rerum
547 967 691 1032 omnium
701 968 867 1032 affluentia
881 967 1084 1053 peperisset?

61 1053 150 1120 domi
174 1053 308 1119 alebant
330 1076 442 1120 seruos
466 1055 625 1139 eruditos,
648 1056 895 1121 contubernales
917 1057 1085 1122 habebant

62 1141 193 1208 eximiis
216 1142 371 1228 praemiis
393 1143 564 1209 accersitos
588 1166 628 1208 ex
652 1144 775 1209 ultimis
798 1145 906 1229 terris,
929 1144 1124 1230 rhetoree,1o

62 1231 248 1314 historicos,
271 1230 467 1315 praestantis
490 1232 614 1318 ingenii
634 1232 808 1318 singularis
832 1233 995 1299 doctrinae
1013 1234 1085 1318 phi-

62 1320 231 1404 losophos.
278 1341 351 1384 cum
373 1320 424 1384 his
448 1343 482 1384 se
513 1320 658 1405 quotidie
687 1322 892 1406 exercebant,
927 1344 1085 1386 commen·

64 1409 232 1492 tabantur,
251 1407 474 1492 disputabant:
497 1409 614 1474 horum
633 1409 777 1475 omnium
796 1431 904 1510 opera,
928 1414 1086 1493 quatenus

62 1497 192 1581 liberet,
216 1458 353 1561 ιιιιιιιιιι
339 1501 400 1561 t.ur
446 1501 480 1562 at
504 1519 564 1584 ego
588 1503 755 1598 sumptum
783 1499 879 1562 unius
908 1499 1000 1582 pueri
1028 1499 1086 1562 mi-

62 1586 153 1650 nima
174 1548 321 1650 inercede
345 1585 494 1650 conducti
483 1608 604 1739 1,quo
625 1587 660 1650 in
683 1585 912 1651 scribendot
875 1590 912 1650 ut
914 1609 950 1650 or
958 1608 1085 1672 ,aegre
1099 1608 1126 1649 ιι

61 1673 218 1740 sustineo.
264 1673 341 1738 Et
294 1678 366 1738 ιιιι
389 1673 439 1738 his
463 1637 581 1761 arigust
582 1675 637 1758 iis,
663 1674 698 1738 in
720 1675 781 1738 hac
809 1696 880 1738 mea
903 1678 971 1738 tam
993 1674 1083 1738 tenui

63 1762 270 1846 ualetudine,
298 1766 367 1826 tam
389 1762 524 1827 aduersa
547 1764 612 1828 fort
598 1768 685 1847 t,una
712 1763 788 1863 quia
811 1763 906 1827 rudes
929 1762 1086 1846 homines,

64 1850 185 1917 ueteris
210 1851 371 1935 eloquent
362 1873 411 1916 rae
439 1851 588 1936 cupidos,
615 1852 696 1916 meis
724 1850 851 1935 scriptis
878 1873 943 1916 non
975 1851 1086 1915 erudio

64 1962 120 2005 nec
146 1939 182 2004 in
205 1944 273 2003 rect
275 1962 327 2004 am
355 1939 387 2003 la
389 1939 455 2004 tine
484 1939 645 2005 scribendi
670 1939 756 2005 uiam
779 1939 909 2025 induco,
939 1939 1086 2024 appellas

64 2051 123 2114 me,
138 2049 233 2112 quasr
225 2028 369 2092 malum
383 2028 618 2113 debitorem,at
584 2050 683 2112 aque
703 2028 801 2093 etiam
820 2050 957 2113 accusas,
972 2028 1087 2092 uerbis
1096 2050 1126 2089 eo

64 2121 98 2182 tu
138 2114 273 2217 quidem
294 2115 591 2182 humanissimiset
609 2117 782 2203 alienet
745 2121 782 2182 ut
801 2116 929 2200 uideris,
950 2116 1090 2217 nomine,

66 2228 98 2269 re
120 2200 266 2270 tamen
257 2227 329 2288 rpsa
353 2205 561 2290 grauiter,
520 2210 552 2270 et
584 2211 622 2270 ut
645 2229 705 2292 ego
731 2206 939 2289 interpretor,
961 2205 1051 2269 tuo
1042 2225 1089 2268 ru-

63 2294 163 2377 dicio,
197 2293 284 2377 quod
315 2315 429 2358 uereor
455 2294 491 2358 in
518 2256 632 2378 primis
659 2294 821 2377 facioque,
853 2293 948 2358 sicuti
977 2293 1088 2379 deboc,

66 2381 210 2535 plurimi.
257 2385 384 2446 uerumt
386 2404 479 2446 amen
508 2382 618 2447 uidere
646 2387 679 2446 te
708 2387 804 2466 put,0
831 2403 930 2465 quam
957 2381 1089 2446 facudta

66 2476 132 2538 tem
156 2493 210 2535 res
232 2469 400 2535 desideret.
377 2471 516 2571 tquid
538 2474 594 2535 ιιιι
596 2493 648 2534 em
676 2469 833 2570 praestari
857 2491 876 2533 a
898 2491 949 2533 me
973 2469 1088 2553 possit,
1103 2491 1129 2532 ιι

67 2582 161 2624 nemo
186 2558 345 2643 omnium,
376 2558 432 2642 qui
455 2558 586 2643 uiuunt,
614 2581 666 2623 me
689 2559 761 2642 ipso
785 2558 901 2623 melius
923 2558 1088 2644 intelligit.

68 2669 168 2732 quare
191 2646 261 2711 noli
280 2646 360 2710 mihi
378 2647 569 2747 languorem
588 2651 645 2711 aut
663 2647 818 2711 desidiam
837 2646 986 2731 obiicere,
1007 2668 1089 2731 quae

66 2737 182 2802 abesse
208 2735 360 2818 procula
383 2758 445 2820 me,
469 2736 526 2819 qui
550 2739 715 2799 anteactae
738 2757 827 2799 meae
851 2735 937 2800 uitae
961 2757 1090 2800 cursum

70 2824 224 2910 inspiciet
262 2827 359 2907 atque
390 2824 611 2924 examinabit,
584 2823 742 2888 tfacile
775 2828 956 2908 cognoscet.
1012 2824 1090 2888 satis

69 2911 252 3013 babeas,
227 2925 254 2976 ιι
273 2933 368 2975 nemo
387 2912 430 2977 ist
432 2933 484 2976 am
502 2913 537 2976 in
555 2916 588 2976 te
607 2911 737 2996 culpam
756 2913 909 2996 conferat,
933 2911 999 2994 qui,
1018 2933 1091 2975 cum
1106 2932 1132 2972 ao

70 3001 203 3102 ingenio
234 3003 393 3100 praestes,
429 3004 569 3064 aetatem
605 3023 748 3153 omnemt
769 3001 804 3064 in
833 3000 904 3063 Lat
880 3005 948 3063 tma
979 2999 1092 3083 lingua

69 3089 276 3156 contriueris.
323 3110 363 3152 ex
387 3110 451 3173 quo
474 3090 670 3153 factumt
621 3093 682 3173 est,
710 3094 842 3153 uteam
865 3088 1008 3170 perfecte
975 3086 1092 3150 toal-

71 3178 147 3263 leas,
172 3177 207 3241 id
227 3176 345 3261 quodt
347 3198 463 3242 uorum
481 3177 582 3261 script
584 3199 676 3241 orum
695 3178 772 3242 subt
773 3176 824 3240 ilit
810 3179 860 3239 tas
880 3179 913 3239 et
932 3175 1070 3276 elegant
1062 3198 1093 3239 ιι

71 3267 227 3350 declarat,
255 3287 329 3330 oum
357 3266 577 3331 ualetudinem
599 3289 666 3330 non
694 3265 867 3347 desideres,
895 3263 962 3328 otio
991 3286 1094 3348 paene

70 3355 211 3420 diffluas.
258 3353 339 3419 addo
364 3354 462 3418 etiam
485 3354 583 3438 illud,
606 3376 679 3419 cum
702 3354 825 3438 optime
848 3352 911 3417 tibi
935 3375 1009 3417 cum
1032 3354 1094 3418 for·
1107 3374 1134 3415 ιι

72 3448 153 3508 tuna
176 3442 357 3508 conueniat.
405 3465 486 3527 quae
511 3443 575 3507 tibi
599 3443 637 3506 de
652 3442 719 3507 suis
743 3442 839 3507 bonis
865 3446 993 3507 tantum
1017 3441 1095 3506 elar-

71 3533 142 3618 gita
167 3536 226 3616 est,
250 3535 287 3596 ut
309 3552 443 3617 erogare
468 3532 673 3615 quantamuis
697 3532 867 3614 pecuniam
890 3531 925 3595 in
947 3530 1095 3594 homines
