2430 3922
525 193 746 259 „90-

127 357 200 418 haec
219 357 294 418 levia
313 359 475 438 paruerint,
495 375 563 418 cum
583 356 756 418 oleamentis
775 375 811 416 ex
826 357 894 417 vino
913 357 1030 436 adipem
1051 356 1144 437 lique·

128 447 237 507 lactum
271 464 340 507 cum
376 464 461 506 rosae
498 445 596 524 pondo
630 446 792 525 quadrante
825 447 952 506 miscere
985 447 1016 505 in
1050 463 1143 506 unum

128 543 254 614 oportet.

217 622 368 684 ooxxltt.
406 623 512 702 Lipara
535 623 601 683 ruia
625 623 696 684 lacit
719 623 753 683 ad
782 624 907 684 fissuras
931 624 979 682 ani
1002 622 1144 704 diutinas,

94 724 109 771 5
130 729 204 791 quas
227 710 357 793 ῥαγάδας
381 711 497 793 dicunt3
525 712 628 772 eadem
652 710 688 772 ad
713 711 847 772 eiusdem
874 713 968 790 partis
992 711 1144 772 exulcera-

128 802 226 860 tiones
250 809 280 860 et
298 803 367 861 vitia
391 802 505 862 diutina
528 799 604 861 bene
629 801 711 861 facit:
736 801 864 879 Spumae
888 807 1046 878 argenteae
1070 819 1099 879 p.
1119 799 1144 861 X

129 887 262 968 XXXVI,
282 908 420 950 cerussae
439 909 466 968 p.
482 889 507 950 X
522 888 571 969 vl,
590 888 757 949 chalcitidis
776 896 860 950 ustae
878 907 907 967 p.
922 887 947 948 X
962 887 1013 968 Vl,
1032 891 1144 969 misyos

128 995 156 1056 p.
178 977 202 1036 X
226 976 275 1057 Vl,
303 980 420 1038 resinae
448 977 666 1041 terebinthinae
694 997 722 1056 p.
741 977 767 1037 X
791 976 858 1058 Xll,
886 994 973 1038 cerae
1001 995 1029 1055 p.
1051 977 1077 1037 X
1099 976 1145 1059 vt,

129 1065 187 1125 olei
210 1067 320 1126 murtei
348 1069 469 1126 sextarii
491 1066 531 1148 ΙΙ,
560 1085 653 1145 aquae
676 1067 776 1145 pondo
800 1073 927 1126 sextans.
969 1064 1045 1126 Cum
1069 1084 1145 1145 aqua

77 1165 110 1213 10
129 1161 269 1214 teruntur
297 1172 372 1232 quae
399 1157 494 1235 prima
521 1157 618 1234 posita
646 1162 717 1216 sunt
745 1164 775 1214 et
803 1153 861 1214 olei
888 1155 987 1232 pondo
1011 1154 1144 1236 dimidio,

129 1260 198 1302 cum
222 1241 337 1321 reliquo
361 1243 426 1305 oleo
451 1263 518 1304 cera
542 1254 571 1305 et
594 1242 795 1306 terebinthina
819 1242 977 1322 liquefacta
1000 1245 1144 1304 mortario

129 1331 394 1410 superfunduntur.

219 1419 381 1482 CCXXllll.
416 1422 460 1481 Ad
485 1421 686 1501 condylomata
711 1421 781 1480 facit
803 1420 880 1480 hene
903 1419 1061 1481 elaterium
1085 1421 1143 1482 sin·

130 1526 207 1590 cere,
227 1508 307 1587 qrrod
323 1518 369 1569 est
387 1528 478 1571 sucus
493 1513 661 1570 cucumeris
681 1509 807 1570 silvatici
820 1511 995 1586 conpositus
1014 1511 1143 1570 ratione·

78 1607 110 1655 15
130 1614 187 1675 que
211 1599 241 1656 in
265 1598 398 1676 pastihos
421 1598 569 1679 redactus,
594 1617 629 1659 ex
648 1608 731 1659 aceto
752 1598 879 1659 dilutum
897 1605 928 1657 et
950 1605 1144 1679 perunctum3

129 1687 201 1746 item
229 1686 361 1765 propolis
389 1705 442 1767 per
466 1705 498 1747 se
522 1687 644 1748 subacta
667 1694 698 1747 et
720 1705 803 1747 more
827 1685 980 1764 emplastri
1005 1687 1143 1766 inposita.

219 1773 353 1835 CCXXV.
383 1775 467 1836 Facit
485 1776 561 1836 bene
580 1783 610 1836 et
633 1778 749 1837 resinae
768 1774 986 1836 terebinthinae
1009 1794 1038 1854 p.
1054 1774 1081 1834 X
1098 1773 1143 1856 vt,

130 1879 215 1922 cerae
235 1862 327 1944 idem,
351 1865 382 1923 in
401 1883 494 1924 unum
514 1873 597 1924 cocta
620 1866 695 1944 igni,
720 1871 862 1942 quantum
886 1870 1012 1943 possunt
1031 1865 1143 1942 gagatis

130 1949 234 2028 lapidis
263 1954 327 2011 triti
354 1954 497 2031 recipere.
543 1952 644 2012 Multis
669 1959 699 2013 et
726 1953 780 2011 iris
808 1960 932 2012 contusa
960 1958 1051 2011 etex
1078 1955 1143 2012 vino

75 2049 110 2098 ao
131 2041 221 2099 mixto
242 2047 325 2100 cocta
345 2049 375 2100 et
397 2043 493 2119 posita
512 2041 593 2102 velut
611 2041 706 2101 larina
724 2039 882 2101 hordeacia
900 2039 1021 2119 profuit.
1062 2039 1144 2101 Facit

131 2134 161 2187 et
185 2129 370 2190 Andronium
399 2129 661 2211 medicamentum,
691 2128 769 2209 quod
797 2130 881 2190 initio
909 2130 1081 2211 posuimus,
1109 2127 1143 2189 ad

130 2214 333 2296 condylomata
357 2221 424 2279 vino
449 2219 575 2280 dilutum
598 2218 682 2279 bene.

220 2306 366 2369 CCXXVI.
404 2308 468 2368 Hoc
491 2306 739 2368 medicamentum
763 2305 888 2365 mirifice
910 2304 1048 2383 prodest:
1077 2305 1144 2367 dlu-

130 2396 219 2454 minis
243 2394 344 2455 melini
367 2416 394 2476 p.
415 2396 440 2455 X
464 2396 494 2476 C,
518 2394 684 2456 chalcitidis
707 2414 735 2474 p.
755 2392 780 2453 X
804 2393 836 2474 t,
860 2393 991 2454 laeculae
1015 2412 1044 2472 p.
1065 2394 1091 2454 X
1113 2394 1143 2455 L.

77 2490 111 2538 25
131 2480 252 2542 Teritur
275 2491 371 2564 acet03
395 2502 464 2544 cum
487 2501 562 2562 opus
586 2493 639 2561 est,
663 2485 731 2543 vino
755 2490 807 2543 aut
830 2489 912 2542 aceto
937 2481 1072 2543 diluitur.

220 2569 381 2631 CCXXVll.
409 2570 657 2632 Haemorrhoidas
677 2573 720 2631 sic
739 2589 846 2631 curare
863 2577 990 2650 oportet.
1018 2570 1143 2633 Medica·

131 2665 243 2718 mento·
250 2669 488 2739 perunguantur:
512 2658 664 2720 Centaurii
683 2661 748 2720 suci
766 2679 794 2738 p.
809 2659 835 2719 X
853 2659 880 2719 ll
900 2690 937 2702 -
958 2658 1034 2720 haec
1054 2659 1143 2721 herba

203 2854 217 2900 1
238 2845 419 2917 apparuerint
440 2846 587 2918 Boettiper.
660 2853 676 2901 5
695 2848 731 2903 ad
750 2847 777 2901 R
801 2848 832 2902 irc
850 2848 941 2902 indice
964 2848 995 2900 et
1017 2849 1051 2901 irc
1070 2853 1144 2904 tectu

130 2918 166 2972 ad
185 2935 281 2972 omnes
306 2919 349 2971 M.
423 2920 561 2988 'lmysios
580 2919 608 2973 R
632 2919 716 2973 misui
733 2919 768 2973 L.
842 2918 1014 2974 9sextarios
1033 2917 1053 2972 S
1072 2919 1100 2972 II
1121 2923 1145 2972 ct

130 2992 239 3044 nomine
253 2996 277 3045 et
291 2990 370 3060 signo
384 2992 500 3044 sectarii
513 2992 637 3060 quoderat
652 3002 670 3049 s
686 2992 778 3060 posito
792 2989 830 3056 R,
849 2988 867 3042 S
881 2991 963 3044 deleo.
977 2994 1004 3043 et
1017 2991 1143 3044 aomina·

129 3061 216 3115 ticum
238 3061 359 3116 restituit
376 3061 466 3116 otoo.
541 3067 573 3115 10
592 3062 715 3130 pondere
736 3062 774 3114 M
777 3083 784 3128 ς
808 3077 847 3115 au
869 3061 962 3129 pondo
982 3061 1143 3117 delendum?

135 3138 163 3185 tl
183 3131 339 3200 liquefacta
357 3132 402 3187 M:
426 3131 580 3201 liquefacto
599 3132 635 3186 a.
709 3137 742 3186 13
762 3132 868 3186 sineere
887 3131 926 3184 L:
950 3130 1011 3185 sive
1035 3129 1144 3186 cernR

131 3201 269 3257 sincerum
294 3202 454 3259 coriarius.
533 3208 566 3257 18
589 3220 676 3257 unum
701 3203 750 3257 M:
778 3203 874 3257 vinum
897 3201 934 3256 tt.
1007 3205 1144 3269 quantum

131 3275 243 3341 oportet
271 3277 300 3328 et
327 3272 487 3328 adiciuntur
518 3275 562 3329 his
594 3273 704 3344 gagatis
738 3272 841 3342 lapidis
873 3272 936 3327 triti
963 3269 991 3326 X
1018 3273 1073 3326 lIlI
1102 3273 1143 3327 M.

131 3350 165 3397 20
183 3345 271 3399 mixto
291 3361 350 3415 epo:
369 3344 460 3399 mixta
473 3345 508 3399 R.
563 3347 645 3400 coeto
661 3360 694 3399 ex
713 3361 799 3414 posca
812 3343 901 3399 Rhod.
957 3344 1096 3398 ordeacea
1109 3342 1143 3397 R.

131 3419 165 3468 at
179 3417 333 3486 ponderum
351 3417 424 3470 ratio
443 3417 649 3471 verisimiliora
672 3417 708 3470 ud
722 3416 887 3470 Marcellum
904 3415 970 3469 hoco
986 3420 1038 3470 est:
1059 3413 1143 3470 alum

129 3489 194 3542 mel.
218 3485 246 3540 X
268 3485 306 3554 tt,
336 3486 424 3542 chale.
447 3485 474 3539 X
496 3487 521 3553 Ι,
549 3487 620 3542 face.
642 3433 669 3542 X
691 3486 712 3541 I.
785 3490 818 3540 27
839 3484 900 3539 suci
923 3485 970 3540 M:
1000 3501 1084 3541 suroco
1108 3485 1142 3540 tt.

129 3553 156 3608 X
173 3557 200 3610 H
219 3558 267 3612 M:
290 3557 384 3625 pondo
403 3558 490 3611 duum
508 3557 545 3613 R.
