2400 3922
112 151 156 214 84
352 147 477 204 XXXIX
506 146 600 202 Marco
619 144 742 202 Antonio
761 146 886 201 Murato.

110 311 216 395 possit
239 310 434 394 exspectari,
461 314 518 375 aut
541 310 639 375 officii
658 331 760 396 genus
783 313 841 374 aut
864 307 966 374 studii
991 310 1124 391 praeter·

111 399 248 465 mittam.
293 397 388 484 Vale,
410 397 557 464 Venetiis
581 397 755 482 [aluam.
1153 396 1156 401 ’

512 585 724 594 ——..—.—.-—

546 730 690 796 XXXIX.

175 858 300 923 Marco
327 853 498 920 Antonio
525 854 675 920 Murato
703 854 911 921 Patauium
938 864 1003 935 (111,
1019 867 1072 931 11).

85 1007 99 1045 1
199 980 265 1045 Vix
288 978 410 1064 credas,
438 1001 535 1063 quam
562 1001 628 1044 non
655 978 749 1044 facile
775 1001 848 1044 mea
875 1000 976 1044 manu
1004 980 1124 1045 litteras

112 1068 279 1134 conficiam
302 1071 335 1132 et
359 1067 586 1152 quemfacta,
614 1089 688 1132 cum
715 1072 790 1132 utor
816 1069 1023 1154 amanuensi,
1050 1069 1123 1134 fluat

112 1156 224 1222 oratio.
278 1155 388 1240 itaque
421 1155 536 1240 scripsi
569 1157 610 1220 ad
641 1155 796 1222 Seuerum
827 1156 1007 1241 laboriose,
1045 1155 1124 1242 quod

112 1244 326 1329 inambulans,
349 1248 386 1308 ut
409 1248 504 1309 antea
527 1244 681 1329 solebam,
704 1244 837 1308 minimo
858 1245 995 1331 negotio
1016 1245 1123 1310 1111111

112 1357 187 1399 sem.
234 1333 392 1398 discessus
414 1332 469 1396 ille
492 1355 597 1417 meus,
622 1355 814 1419 magnorum
837 1332 936 1396 index
959 1333 1123 1418 malorum,

72 1445 97 1485 10
112 1426 149 1487 ut
176 1422 217 1485 ab
242 1419 354 1487 amicis
381 1424 459 1486 tunc
486 1421 567 1486 falsa
595 1421 778 1487 coniectura
805 1421 910 1486 ductis
939 1422 1122 1507 putabatur,

111 1510 287 1575 familiares
305 1531 403 1594 meos,
427 1531 564 1594 quorum
582 1509 632 1575 uti
651 1531 749 1594 opera
767 1531 1009 1594 consueueram,
1027 1510 1121 1574 Podo-

113 1599 289 1683 catharum,
310 1598 530 1683 Fasinardum,
553 1603 716 1682 postremo
741 1597 839 1661 etiam
860 1597 1037 1663 Nicolaum
1058 1597 1121 1663 Cre

112 1693 239 1754 tensam
261 1687 342 1752 mihi
365 1687 492 1751 ademit.
529 1687 632 1753 filium
649 1686 764 1771 habe0,
787 1685 843 1750 sed
865 1707 1006 1770 puerum
1026 1687 1122 1752 adhuc
1164 1756 1166 1761 s

114 1782 146 1840 et
182 1776 345 1840 imbecillo
380 1796 513 1858 corpore
550 1780 583 1838 et
615 1778 807 1857 occupatum
840 1774 919 1838 satis
953 1775 1122 1841 domestica

72 1886 98 1926 15
113 1886 196 1928 cura.
238 1864 347 1946 itaque
370 1862 516 1946 posthac,
539 1861 602 1926 nisi
626 1861 703 1945 quid
722 1866 866 1927 occurrat
889 1863 1034 1948 grauius,
1057 1885 1121 1948 per·

112 1972 209 2033 quam
232 1971 304 2015 1110
328 1955 361 2013 11
385 1949 672 2031 quambreuissime
696 1951 845 2015 scribam.
891 1951 988 2015 uenio
1012 1951 1122 2015 adlit

111 2043 197 2103 teras
221 2041 301 2102 tuas.
343 2037 504 2102 Reuersus
535 2036 658 2102 eForo
686 2037 775 2122 Iulii,
804 2060 867 2123 quo
891 2039 1035 2104 exieram
1061 2061 1121 2104 non

111 2131 179 2192 tam
207 2125 333 2213 negotii
360 2147 457 2211 quam
486 2126 681 2191 ualetudinis
712 2148 835 2211 caussa,
867 2128 975 2211 reperi
1005 2129 1122 2194 librum

112 2222 206 2282 tuum
219 2215 391 2282 Variarum
404 2214 588 2300 lectionum,
607 2237 702 2300 quem
717 2215 804 2300 apud
817 2213 945 2280 Sixtum
959 2216 1121 2300 Medicem,

72 2331 98 2368 ro
113 2327 315 2370 communem
333 2306 480 2389 amicum,
499 2305 708 2371 excellentem
726 2304 833 2368 uirum
851 2303 1036 2389 reliqueras.
1060 2304 1122 2370 noli

113 2398 282 2475 expectare
315 2393 469 2456 iudicium
500 2415 615 2458 meum.
665 2393 750 2457 malo
785 2392 870 2457 enim
902 2397 935 2456 te
968 2394 1010 2457 ab
1045 2393 1122 2477 aliis,

112 2479 189 2564 quid
213 2480 251 2542 de
275 2479 340 2543 tuis
360 2479 483 2564 studiis,
508 2481 642 2563 quidde
662 2480 792 2563 ingenio
813 2480 1005 2567 existimem,
1029 2504 1122 2566 quam

111 2588 130 2629 a
153 2589 204 2631 me
227 2567 299 2649 ipso
323 2587 523 2650 cognoscere.
570 2587 669 2629 unum
692 2571 801 2632 tamen
825 2568 906 2633 illud
928 2591 995 2634 non
1019 2570 1122 2636 minus

111 2676 186 2719 uere
219 2675 314 2736 quam
344 2653 485 2717 libenter
515 2653 631 2738 dicam,
663 2654 746 2718 nihil
778 2678 829 2720 me
862 2657 966 2722 adhuc
998 2659 1034 2722 in
1064 2659 1122 2722 hoc

70 2764 97 2806 as
111 2763 228 2829 genere
251 2741 368 2826 legisse
392 2739 548 2826 ornatius,
577 2740 661 2806 nihil
689 2743 853 2808 eruditius.
900 2745 993 2823 Quod
1017 2752 1123 2811 eutem

112 2829 304 2915 quibusdam
327 2828 361 2891 in
383 2826 464 2892 locis
488 2832 520 2893 et
544 2850 632 2894 ame
656 2831 807 2898 dissentis
825 2837 858 2899 et
877 2834 1019 2920 egregiis
1040 2835 1125 2900 idem

204 2977 216 3024 1
236 2968 302 3038 post
325 2967 334 2995 ‘
355 2967 572 3023 taetermittam'
593 2970 624 3024 in
642 2971 734 3042 prima
756 2972 879 3028 editione
903 2971 963 3027 eius
983 2973 1123 3044 epistulae

113 3040 273 3110 legebatur:
300 3037 318 3092 S
349 3039 463 3092 utamus
488 3043 531 3107 te,
557 3059 643 3110 quam
666 3044 792 3100 studiose
815 3059 955 3112 quamque
975 3060 1009 3098 ex
1030 3044 1123 3099 animo
1159 3047 1162 3056 '

111 3111 188 3190 licet.
226 3126 290 3179 ego,
309 3124 379 3190 uxor
397 3111 427 3164 et
445 3110 542 3181 liberi,
565 3114 733 3182 praesertim
751 3115 815 3181 is*)‚
842 3131 925 3182 quem
945 3114 1031 3169 audio
1050 3131 1123 3170 nuno

110 3197 142 3232 1n
168 3181 246 3235 cunis
271 3182 447 3250 uagrentm,
476 3187 622 3253 susceptus
646 3201 663 3238 a
685 3187 726 3252 te,
756 3200 819 3237 cum
843 3184 996 3238 salutarem
1020 3201 1125 3255 aquam

110 3249 141 3302 in
164 3249 336 3318 baptismate
362 3251 507 3322 reciperet.
545 3254 591 3308 cui
614 3257 643 3309 te
665 3270 717 3323 pro
740 3268 773 3308 eo
796 3254 922 3322 nomine,
947 3256 1026 3323 quod
1049 3257 1125 3311 inter

112 3336 163 3373 nos
184 3336 332 3375 commune
351 3323 428 3393 cepit
447 3341 517 3392 esse,
535 3324 661 3394 parentis
676 3324 770 3378 officia
787 3323 911 3392 benigne
930 3328 959 3379 et
977 3326 1025 3395 pie
1044 3343 1125 3396 prae-

110 3389 243 3445 stiturum
261 3392 435 3449 confidimus.

201 3515 222 3567 *)
237 3514 359 3569 0111111111,
373 3518 482 3563 minimus
496 3520 553 3562 natu
566 3519 628 3561 filius
641 3517 708 3560 Pauli
721 3517 752 3556 M.
