2400 3922
363 198 461 256 nxvl.
484 198 644 269 Augustino
663 199 820 270 Angelello.
1035 200 1099 266 139

88 358 180 449 longo
201 364 364 427 terrarum
386 383 424 427 ac
446 361 544 427 maris
567 362 740 427 interuallo
764 361 965 447 disiunctum,
988 367 1099 448 petere

91 468 148 516 non
162 448 287 538 licebit,
305 451 467 536 deponam
485 451 688 516 uoluntatem
701 471 814 536 meam,
832 451 1006 535 suscipiam
1020 474 1100 536 eam,

69 558 177 625 ¹quam
206 540 387 606 necessitas
418 541 538 606 afferet.
584 540 732 605 accedam
759 539 800 603 ad
826 538 965 604 Sabinos
992 541 1099 625 colles,

69 648 162 713 ¹qnos
183 629 300 694 florere
323 629 420 694 audio
439 628 582 715 regionis
605 628 810 713 amoenitate,
833 628 912 693 caeli
931 630 1099 716 temperie,

53 784 57 791 ,
92 716 224 783 omnium
247 739 372 802 rerum,
400 739 480 802 quas
502 719 672 783 hominum
694 717 802 783 uictus
824 717 994 800 cultusque
1018 717 1097 782 desi·
1124 738 1138 777 s

91 803 181 890 daut,
211 807 376 872 ubertate.
421 805 548 871 Interea
579 829 631 872 me
663 805 727 871 tibi
757 811 866 872 totum
897 806 1097 890 salutemque

89 915 181 961 mmm
199 917 302 980 quam
320 895 513 981 suppliciter
526 918 660 980 possum
678 897 904 960 commendans
918 917 955 960 ac
968 895 1099 960 tradens

41 1048 46 1055 ,
88 984 200 1071 negotii
215 983 465 1050 administrandi
479 985 640 1050 rationem
654 984 810 1072 singulari
824 990 899 1051 tuae
919 984 1097 1069 sapientiae

41 1120 44 1167 1
88 1074 240 1157 permitto.
288 1072 379 1139 Vale.
410 1073 451 1139 V.
469 1074 540 1138 Kal.
564 1073 653 1158 Sept.
671 1073 833 1139 MDLXX.

531 1499 644 1565 LXVl.
1109 1515 1136 1554 1c

153 1639 382 1728 Augustino
405 1639 614 1728 Angelello
637 1640 869 1704 Fabrianum
897 1648 959 1716 (IX,
974 1648 1011 1714 9).

162 1783 251 1848 Puto
275 1786 310 1847 te
333 1783 374 1847 ab
400 1780 568 1868 Onuphrio
588 1781 683 1866 (iilic,
705 1781 755 1845 tui
777 1779 1008 1862 amantissimo,
1031 1801 1095 1844 cer-

81 1869 192 1936 tiorem
215 1893 285 1936 non
308 1872 409 1936 semel
432 1893 500 1937 esse
520 1873 641 1936 factum
660 1870 890 1936 inualetudinis
909 1892 1008 1954 meae,
1032 1892 1095 1955 qua

82 1978 197 2025 nonum
222 1960 290 2025 iam
312 1982 456 2026 mensem
479 1961 525 2025 ita
548 1961 671 2047 labore,
693 1965 731 2025 ut
753 1983 860 2045 neque
882 1960 1007 2025 ratione
1031 1959 1094 2024 uic-

81 2052 129 2114 tns
150 2070 259 2134 neque
283 2049 350 2114 ullo
378 2049 512 2116 remedii
539 2072 657 2135 genere
680 2050 784 2115 adhuc
808 2050 938 2134 quidem
961 2049 1093 2113 alienari
1109 2061 1135 2102 15

82 2138 249 2221 potuerim.
305 2138 415 2223 itaque
447 2138 563 2203 misere
597 2139 685 2203 iaceo
722 2161 781 2222 spe
817 2139 883 2202 iam
919 2138 1093 2201 destitutus

80 2226 178 2312 omni,
207 2231 338 2311 praeter
370 2249 454 2313 eam,
487 2249 584 2312 quam
616 2227 650 2291 in
683 2227 762 2291 caeli
790 2225 970 2291 mutatione
997 2224 1094 2288 multi

80 2315 260 2399 ponendam
290 2316 499 2381 arbitrantur.
550 2339 689 2401 quorum
717 2337 777 2401 ego
807 2314 948 2378 libenter
977 2312 1093 2377 accedo

80 2404 263 2469 sententiae.
302 2406 389 2469 exire
408 2409 544 2489 propter
561 2405 680 2469 nimios
694 2404 816 2469 calores
834 2403 978 2467 nondum
991 2401 1093 2467 licuit.

80 2488 136 2557 Sed
160 2493 300 2557 exeundi
324 2494 495 2558 consilium
518 2494 565 2557 ita
588 2493 669 2578 cepi,
692 2498 729 2557 ut
752 2493 793 2557 ad
815 2492 939 2576 patrios
957 2493 1042 2557 lares
1060 2496 1093 2557 et
1107 2505 1135 2545 2⁰

80 2579 180 2646 dulcia
205 2581 403 2646 incunabula
425 2582 607 2668 remigrem.
653 2583 688 2646 in
712 2604 775 2666 quo
798 2581 961 2668 Pontifex,
984 2587 1021 2646 ut
1044 2586 1094 2646 est
1142 2636 1144 2641 ,

78 2667 194 2757 insigni
218 2671 384 2754 praeditus
406 2670 623 2754 humanitate,
646 2671 774 2735 facilem
791 2671 1093 2758 perbenignumque

78 2780 106 2824 se
139 2759 303 2844 praebuit.
340 2757 375 2823 Si
399 2758 539 2844 quaeris,
565 2758 681 2824 laetior
704 2783 745 2824 an
770 2760 896 2825 tristior
924 2758 1093 2844 discedam,

77 2866 138 2913 non
158 2847 254 2911 facile
274 2847 419 2912 dixerim.
446 2848 493 2912 ita
512 2847 615 2912 multa
638 2853 819 2932 occummt,
843 2870 926 2932 quae
949 2847 1093 2911 animum

76 2957 108 3003 uc
131 2937 338 3002 uoluntatem
360 2937 424 3001 huc
447 2936 524 3001 illuc
547 2937 735 3002 distrahant.
772 2936 966 3020 propensior
983 2939 1093 2997 tamen
1106 2943 1133 2984 2⁶

74 3024 214 3091 inhanc
238 3030 365 3109 partem
392 3048 477 3111 sum,
500 3030 537 3090 11
559 3030 635 3110 post
653 3024 762 3090 annos'
782 3025 891 3088 decem
918 3025 1023 3085 aetate
1046 3019 1092 3084 11-

75 3118 300 3201 grauescente,
332 3119 469 3201 urgente
506 3114 698 3198 praesertim
734 3110 858 3176 difficili
890 3109 1019 3193 morbo,
1051 3107 1093 3172 ad

73 3204 199 3289 patriae
223 3202 430 3287 complexum
452 3224 622 3289 recurram,
645 3202 736 3267 cuius
759 3200 930 3283 adspectus
952 3219 1019 3262 non
1037 3197 1092 3261 du-

73 3293 152 3379 bito,
178 3292 258 3377 quin
276 3292 358 3357 mihi
377 3292 528 3357 amissam
545 3289 781 3356 molestissimis
795 3287 880 3352 curis
893 3287 1091 3352 hilaritatem

71 3382 234 3448 restituat.
273 3403 370 3465 quam
388 3381 416 3445 si
436 3380 508 3464 quis
526 3379 664 3444 afflictae
684 3376 862 3443 ualetudini
880 3375 1135 3461 11111111111110

71 3471 179 3558 magde
203 3491 301 3553 quam
325 3469 494 3534 orientalia
511 3469 684 3554 pharmaca
702 3466 854 3551 prodesse
878 3466 1004 3550 dixerit,
1024 3463 1092 3550 opi·

69 3579 140 3646 nor,
162 3580 233 3623 non
255 3558 386 3623 errabit.
432 3557 553 3622 Eamus
582 3556 684 3641 igitur
711 3555 772 3621 diis
795 3556 879 3620 bene
901 3555 1093 3620 iuuantibus
