2430 3922
464 169 684 233 „31-

64 339 168 392 mento
191 331 321 410 possint,
350 348 386 390 ex
415 347 451 390 eo
479 330 675 413 intellegitur,
702 332 781 411 quod
809 351 907 412 neque
931 334 1083 414 chirurgia

62 421 129 481 sine
153 418 310 480 diaetetioa
333 436 431 498 neque
454 419 527 481 baec
556 423 622 480 sine
644 420 809 502 chirurgia,
837 421 868 482 id
891 431 937 482 est
960 426 1024 484 sine
1049 443 1083 484 ea

62 516 164 589 parte,
189 525 264 587 quae
286 506 572 569 medicamentorum
600 507 718 569 utilium
741 528 829 570 usum
852 510 955 592 habet,
977 513 1083 589 perfici

62 605 204 678 possunt,
232 596 285 657 sed
314 595 387 656 aliae
416 595 452 657 ab
482 596 547 657 aliis
575 597 752 658 adiuvantur
782 607 812 659 et
835 602 921 678 quasi
944 618 1082 660 consum-

63 692 194 746 mantur.
240 684 342 763 ltaque
372 687 506 764 quamvis
534 703 569 746 ex
599 704 704 764 magna
730 694 815 765 parte
844 687 880 747 ad
909 687 1118 751 diaetetiooso

62 775 252 854 pertinentes
275 775 497 853 conpositiones
519 776 578 835 iam
602 774 840 852 exhibuerimus,
867 783 966 838 tamen
997 779 1082 856 quasi

48 862 214 924 'claudicat
242 871 274 923 et
300 861 417 923 vacillat
444 861 493 922 hio
521 863 610 943 liber,
639 865 697 924 nisi
725 882 774 924 eas
804 882 924 944 quoque
947 868 1082 945 conposi-

63 954 179 1031 tiones,
203 968 279 1030 qnae
302 950 338 1011 ad
362 950 519 1030 chirurgos
541 953 706 1034 pertinent,
729 955 932 1036 posuerimus,
956 973 1083 1034 quarum

63 1041 186 1101 initium
209 1057 245 1099 ex
269 1038 436 1118 emplastris
460 1040 611 1101 faciemus.

155 1126 225 1188 CCI.
265 1127 466 1206 Emplastrum
486 1127 618 1208 chirurgi
637 1129 805 1208 Tryphonis
825 1130 984 1212 subviride,
1004 1131 1083 1210 quod
1103 1147 1137 1195 10

65 1218 145 1291 lacit,
170 1233 239 1277 oum
262 1215 370 1277 vulnus
393 1218 434 1277 ita
458 1224 558 1277 actum
581 1225 640 1297 est,
663 1225 698 1278 ut
721 1236 753 1277 os
777 1217 912 1279 laedatur
935 1219 981 1279 vel
1006 1220 1083 1279 sran-

65 1314 163 1385 gatur,
182 1306 342 1384 praecipue
361 1305 517 1367 calvariae:
539 1300 682 1386 κεφαλικὴ
703 1306 769 1365 ideo
788 1325 804 1365 a
824 1305 944 1366 Graecis
964 1306 1084 1367 dicitur.

64 1393 148 1456 ldem
172 1395 200 1454 si
222 1412 255 1454 os
279 1393 419 1454 scabrum
441 1402 493 1456 aut
515 1401 603 1474 putre
633 1401 778 1455 vetustate
807 1396 872 1455 vitii
894 1396 1005 1455 iactum
1029 1402 1083 1473 est,

65 1489 214 1564 expurgat
237 1489 267 1542 et
290 1482 399 1562 educit,
423 1491 567 1562 quantum
586 1485 651 1543 eius
670 1483 800 1543 alienum
823 1491 882 1563 est3
905 1483 976 1544 facit
998 1501 1083 1562 prae·

65 1581 148 1633 terea
168 1571 204 1631 ad
224 1572 307 1631 canis
326 1589 459 1632 morsum
478 1578 508 1632 et
527 1572 563 1632 ad
582 1571 668 1633 ulous
687 1590 793 1632 recens
812 1571 913 1633 molle:
938 1571 1083 1651 Squamae
1104 1586 1137 1635 15

65 1663 145 1721 aeris
169 1659 271 1739 Cyprii
293 1679 321 1738 p.
344 1658 370 1720 X
394 1659 461 1741 XII,
485 1663 561 1720 turis
583 1679 611 1740 p.
636 1659 662 1721 ll
686 1659 736 1741 Vl,
759 1663 959 1721 ammoniacae
982 1668 1084 1738 guttae

64 1768 92 1828 p.
107 1747 136 1808 X
154 1747 202 1829 Vl,
224 1750 340 1809 resinae
359 1750 500 1830 pituinae,
523 1749 554 1809 id
573 1756 620 1809 est
638 1767 674 1809 ex
693 1751 778 1828 picea
797 1748 911 1830 arbore,
929 1747 998 1828 pX
1017 1748 1083 1827 XS,

65 1840 185 1899 resinae
213 1836 431 1897 terebinthinae
459 1836 533 1917 pX
556 1836 606 1918 Vl,
639 1838 735 1917 adipis
767 1838 853 1898 vituli
884 1838 982 1917 pondo
1014 1857 1084 1916 qua·

66 1926 172 2007 drans,
204 1943 291 1986 cerae
322 1925 421 2004 pondo
449 1929 556 2007 triens,
589 1927 647 1986 olei
678 1926 777 2005 pondo
810 1929 976 2002 semuncia,
1009 1928 1085 1988 aceti

66 2013 193 2095 cyathus
217 2031 296 2075 unus
319 2021 349 2074 et
377 2014 525 2075 dimidius.
571 2016 697 2075 Acetum
724 2017 861 2076 intritum
892 2025 1084 2077 consumatur
1103 2031 1138 2080 20

66 2102 241 2183 adomnia,
269 2120 345 2180 quae
368 2105 426 2163 teri
449 2103 571 2184 debent,
599 2103 670 2164 dum
698 2103 773 2164 levia
800 2103 960 2164 habuerint
990 2103 1085 2163 mellis

66 2191 309 2271 spissitudinem;
341 2209 409 2252 cera
433 2200 463 2252 et
485 2199 612 2271 utraque
635 2194 735 2252 resina
759 2210 827 2252 cum
850 2191 936 2271 adipe
959 2199 1084 2270 purgato

65 2288 97 2342 et
121 2280 188 2341 oleo
216 2279 383 2358 liquescant
410 2288 441 2340 et
472 2282 683 2361 incoquantur,
720 2280 814 2340 donee
844 2279 972 2340 habeant
996 2280 1085 2358 spissi

65 2370 163 2431 cerati
186 2375 427 2447 temperaturam,
446 2369 590 2429 ferventia
612 2368 866 2446 superfundentur
885 2366 984 2448 rebus,
1009 2386 1085 2447 quae

67 2467 140 2519 sunt
162 2459 195 2517 in
218 2458 369 2537 mortario,
392 2458 561 2524 minutatim
580 2465 610 2517 et
628 2456 738 2535 pistillo
758 2456 894 2538 subinde,
912 2457 984 2518 dum
1001 2455 1085 2538 calet,
1105 2473 1138 2523 25

65 2543 331 2626 permiscebuntur
364 2553 452 2624 atque
485 2547 539 2626 ita,
571 2546 641 2606 dum
675 2546 785 2606 desinit
816 2546 946 2627 fervere,
979 2545 1085 2624 empla-

67 2644 166 2696 strum
194 2633 332 2694 manibns
360 2633 515 2713 subigetur
547 2644 578 2695 et
608 2634 764 2695 redactum
795 2636 826 2694 in
856 2635 999 2696 rotundas
1027 2653 1087 2696 am·

66 2722 191 2802 pliores,
217 2741 291 2801 quas
314 2721 474 2801 magdalias
499 2723 610 2803 dicunt,
634 2731 806 2802 reponetur.

158 2810 242 2872 CCll.
292 2811 493 2891 Emplastrum
529 2811 653 2891 Megetis
690 2811 825 2890 chirurgi
862 2811 1013 2871 subviride
1050 2809 1085 2870 ad

66 2900 173 2961 eadem
196 2900 274 2960 lacit.
319 2899 503 2979 Conponitur
527 2900 676 2980 similiter,
700 2901 808 2978 accipit
830 2899 916 2959 haec:
941 2898 1086 2977 Squamae
1106 2918 1140 2967 30

68 2992 148 3049 aeris
172 2988 274 3068 Cyprii
295 3007 324 3068 p.
343 2988 369 3048 ll
392 2987 479 3069 XXV,
503 2991 678 3050 ammoniaci
696 2996 796 3066 guttae
820 2985 893 3066 pli
918 2984 1004 3065 XXV,
1027 2994 1086 3046 ter-

141 3182 158 3231 3
177 3175 265 3231 hebet
279 3178 381 3232 Aldus:
401 3176 508 3232 habent
522 3177 556 3232 R.
621 3182 638 3230 4
657 3177 855 3231 consumentur
868 3174 904 3230 R.
975 3179 1008 3228 10
1026 3173 1087 3228 Tri·

66 3247 173 3318 phonis
192 3246 229 3302 R.
295 3254 328 3302 11
346 3248 453 3303 factum
471 3249 560 3305 Rbod.
627 3254 659 3303 15
679 3263 811 3318 squamae
830 3262 888 3316 epo:
913 3261 1031 3313 squama
1049 3244 1084 3300 R.

70 3325 104 3374 17
124 3316 152 3372 X
169 3318 196 3372 X
215 3317 305 3375 Rhod.
324 3320 411 3374 deleto
430 3319 536 3375 Serota.
605 3325 639 3373 21
660 3318 764 3373 debent
781 3319 896 3386 scripsi:
915 3317 1037 3371 debeant
1050 3315 1086 3369 R.

69 3396 104 3444 26
124 3392 154 3444 et
172 3390 417 3459 permiscebuntur
435 3389 463 3444 R
486 3396 516 3445 et
538 3391 589 3445 del.
614 3390 716 3455 Rbod.;
737 3389 828 3457 possis
851 3389 933 3442 etiam
950 3388 1089 3456 suspicari

58 3461 213 3542 legendum
232 3476 298 3516 esee:
317 3459 545 3533 <agitabuntnr>
559 3464 589 3515 et
601 3461 850 3530 permiscebantur.
918 3463 952 3513 28
972 3457 1089 3526 magda-

70 3531 124 3587 hes
145 3531 276 3603 Georges:
294 3531 471 3602 magdelidas
491 3531 526 3588 R.

126 3629 302 3672 Scribonius
316 3631 440 3684 nerone,
456 3630 490 3672 ed.
505 3629 648 3674 Helmroich.
921 3622 941 3670 b
