2400 3922
399 1174 747 1258 PRAEFATIO.

151 1471 205 1538 Ad
223 1474 362 1538 edendas
380 1465 474 1538 Pauli
491 1473 640 1556 Manutii,
662 1471 862 1556 bibliopolae
880 1472 1000 1538 Veneti
1023 1473 1083 1538 cla·

61 1563 192 1649 rissimi‚
202 1563 360 1648 epistulas
374 1563 576 1650 adgredienti
589 1562 671 1627 mihi
680 1584 747 1627 non
755 1561 929 1625 uidebatur
939 1562 1083 1647 dubium,

64 1653 145 1736 quin
176 1653 231 1716 uel
262 1652 404 1715 maxima
438 1673 548 1717 earum
580 1674 657 1736 pars
686 1672 753 1716 non
788 1653 917 1714 tantum
946 1650 1083 1715 haberet

63 1740 306 1824 oblectationis,
333 1745 370 1805 ut
398 1740 515 1826 dignae
539 1744 660 1826 essent,
689 1761 771 1824 quae
798 1739 851 1804 his
877 1739 1083 1824 temporibus

62 1830 300 1894 euoluerentur.
357 1828 444 1906 Quae
471 1829 548 1894 licet
581 1831 623 1894 ad
654 1828 873 1913 eloquentiam
905 1827 1083 1893 Ciceronia-

61 1941 138 1982 nam
160 1917 309 2002 proxime
331 1918 493 2004 accedant,
516 1922 634 2004 tamen,
658 1940 740 2002 quae
763 1917 852 1982 illius
875 1917 991 1982 aetatis
1015 1922 1084 1982 erat

62 2006 276 2091 consuetudo,
307 2009 437 2070 tantum
468 2007 643 2072 uerborum
676 2007 804 2091 copiam
835 2005 889 2071 uel
921 2006 1083 2070 salutandi

62 2095 115 2159 uel
142 2094 295 2159 laudandi
322 2094 429 2181 gratia
456 2094 582 2180 ineos,
609 2096 650 2159 ad
674 2117 756 2180 quos
779 2094 937 2179 epistulae
965 2094 1084 2159 daban-

61 2188 130 2268 tur,
158 2183 257 2268 pleno
285 2183 378 2267 quasi
401 2205 500 2248 cornu
524 2184 705 2269 effundunt,
732 2187 770 2247 ut
797 2183 832 2247 in
862 2204 986 2247 summa
1013 2205 1083 2248 uer·

62 2273 180 2337 borum
208 2273 358 2337 ubertate
385 2294 426 2336 ex
457 2272 603 2337 exilitate
631 2295 739 2337 rerum
766 2271 909 2336 taedium
935 2294 1083 2338 nonnun-

62 2383 162 2445 quam
198 2361 337 2444 obrepat
366 2360 562 2447 legentibus.
614 2361 695 2426 Eius
725 2361 772 2425 rei
802 2360 898 2445 culpa
928 2361 1082 2427 accidisse

61 2455 159 2533 puto,
181 2453 219 2513 ut
243 2449 341 2513 etiam
365 2472 420 2513 eae
444 2449 603 2534 epistulae
625 2450 792 2536 neglectae
815 2449 970 2535 iacerent,
999 2473 1082 2535 quae

62 2538 162 2602 etiam
189 2560 275 2602 nunc
303 2537 363 2623 eia,
397 2539 452 2622 qui
480 2538 533 2602 uel
560 2538 690 2604 illorum
717 2543 901 2624 temporum
927 2539 1082 2605 historiae

60 2626 115 2690 uel
138 2626 313 2690 latinitatis
341 2626 457 2692 studiis
483 2631 606 2691 nauant
634 2650 779 2712 operam,
805 2650 872 2709 non
899 2650 1013 2693 uereor
1041 2651 1082 2693 ne

60 2715 128 2779 sint
150 2714 351 2780 iniucundae.
396 2716 478 2781 Dico
502 2738 565 2802 eas,
588 2716 708 2800 quibus
726 2717 830 2800 ipsius
847 2715 987 2781 Manutii
1005 2717 1083 2800 uita,

60 2808 178 2867 natura
200 2803 433 2868 humanissima
455 2826 625 2889 moresque
649 2805 876 2889 candidissimi,
899 2806 1023 2870 sincera
1046 2827 1083 2870 ac

59 2913 129 2956 non
159 2893 268 2956 fucata
300 2892 334 2956 in
365 2893 471 2958 Deum
503 2893 623 2978 pietas,
657 2894 866 2979 infatigatum
897 2893 1081 2957 litterarum

60 2980 216 3066 studium,
230 2980 360 3046 labores
375 2985 408 3046 et
426 3005 486 3066 pro
502 2982 720 3047 conseruando
733 2981 963 3062 retinendaque
977 2981 1082 3064 patris

60 3069 194 3133 officina
222 3073 255 3132 et
282 3092 343 3153 pro
366 3071 489 3134 tuenda
508 3071 704 3136 Pontificum
725 3070 946 3133 Romanorum
974 3074 1083 3136 aucto·

58 3158 159 3222 ritate
182 3158 337 3243 suscepti,
360 3158 448 3223 illius
471 3180 544 3224 cum
567 3157 757 3242 aequalibus
779 3155 929 3240 plurimis
952 3157 1006 3223 uel
1027 3181 1082 3223 no·

58 3245 224 3311 bilissimo
252 3246 324 3310 loco
353 3247 434 3312 ortis
462 3248 515 3312 uel
541 3248 724 3312 litterarum
751 3245 846 3310 laude
869 3247 1008 3311 maxime
1036 3247 1082 3311 in·

56 3335 211 3423 signibus
242 3356 319 3400 usus
348 3358 386 3400 ac
415 3335 618 3402 familiaritas
648 3339 884 3421 cognoscantur
914 3340 946 3399 et
978 3357 1081 3419 paene

56 3425 120 3490 sub
146 3424 259 3489 oculos
278 3424 488 3490 subiciantur.
526 3423 612 3502 Quas
636 3424 663 3489 si
683 3447 722 3489 ex
742 3423 918 3490 obliuionis
937 3425 1081 3488 tenebris
