2430 3922
147 169 191 236 38
407 169 507 224 XVIII.
534 169 580 224 Ad
598 169 747 224 Aliorsum
765 169 903 224 Gerasam.

147 336 331 399 naseuntur.
378 354 492 396 uerum
514 332 654 397 hoct
603 336 654 396 tot
654 355 710 397 um
733 355 824 398 secus
848 336 905 397 est.
951 331 1076 417 quippe
1097 355 1164 398 non

147 422 243 486 modo
267 420 307 485 ad
330 420 642 505 reprehendendum,
670 442 752 505 quae
780 420 1006 506 reprehendi
996 441 1066 486 rure
1090 442 1163 506 pos-

148 514 237 594 sunt,
266 508 492 593 procliuiores,
521 531 619 595 quam
647 509 689 573 ad
717 509 926 592 laudandum,
956 530 1038 593 quae
1068 509 1164 576 laude

148 599 247 685 digna
269 602 358 682 sunt,
387 619 499 662 omnes
521 598 589 662 fere
612 619 723 662 sumus
749 619 809 662 nec
836 597 916 662 satis
944 619 1047 682 aequa
1071 597 1163 664 lance

122 692 246 771 sturpe
275 691 308 750 et
335 687 508 751 honestum
531 685 764 770 examinamus,
792 708 874 770 quae
901 686 1058 752 debemus
1080 687 1164 772 pari-

146 781 205 859 ter,
228 774 367 839 alterum
389 773 504 858 odisse,
527 773 664 839 alterum
688 773 831 861 diligere.
869 774 925 840 sed
948 774 1047 839 etiam
1066 796 1163 861 saepe

146 864 295 945 facimus,
323 866 361 926 ut
389 884 442 926 eas
470 884 521 927 res
547 884 664 947 easque
689 862 846 947 actiones,
874 885 1011 949 quarum
1034 883 1163 929 caussas

145 952 347 1038 ignoramus,
378 971 524 1036 quaeque
552 955 638 1016 recte
667 973 708 1015 ne
736 972 778 1016 an
806 972 899 1017 secus
925 953 1018 1037 fiant,
1048 951 1162 1017 diiudi-

146 1054 218 1105 car‘e
254 1061 321 1104 non
355 1060 547 1125 possumus,
578 1059 763 1104 accusemus
799 1044 909 1105 tamen
944 1039 1162 1126 acerrimeque

107 1154 133 1194 ro
146 1127 400 1212 uituperatione,
437 1149 519 1212 quae
551 1127 713 1193 interdum
746 1128 852 1193 efferri
883 1128 1035 1193 laudibus
1070 1151 1163 1214 opor-

146 1221 244 1302 t,eret
267 1237 305 1281 ea
328 1215 554 1318 deprimamus.
598 1215 648 1282 Aa
669 1239 711 1281 ne
734 1239 785 1281 me
809 1221 920 1301 putes,
942 1215 1078 1282 Alfonse
1102 1217 1162 1282 cla

145 1304 285 1392 rissime,
307 1304 405 1369 huius
428 1304 558 1370 initium
581 1306 738 1370 sermonis
761 1310 881 1370 temere
905 1270 1073 1393 detulisse,
1101 1326 1162 1392 ego

146 1415 244 1478 nunc,
267 1358 295 1458 si
317 1392 435 1479 nescis,
457 1414 575 1478 meam,
598 1414 704 1458 meam
726 1393 864 1458 dico?
855 1414 953 1459 1mmo
976 1415 1055 1459 uero
1079 1410 1162 1460 corn·

145 1503 276 1546 munem
308 1482 478 1566 utriusque
508 1446 656 1547 nosbrum
688 1504 834 1548 caussam
866 1504 936 1570 ago
987 1487 1045 1548 aut
1076 1482 1163 1549 enim

105 1595 132 1637 ιι
145 1576 282 1655 uterque
310 1570 438 1658 agimus
468 1571 598 1658 egregie
626 1576 682 1636 aut
709 1576 847 1657 uterque
874 1571 1025 1636 similiter
1051 1593 1163 1656 pecca

145 1682 225 1725 mus.
272 1659 363 1724 audis
394 1682 435 1724 ne
467 1663 505 1724 tu
536 1682 632 1725 uoces
664 1659 699 1724 in
729 1660 857 1724 latinae*
882 1660 1012 1746 linguae
1043 1678 1163 1725 nomen

145 1749 363 1832 irrumpentes
385 1748 554 1813 hominum
578 1748 840 1833 obtrectantium,
865 1748 920 1833 qui
944 1747 990 1812 rei
1014 1747 1163 1832 pulcher·

145 1838 246 1901 rimae
274 1836 443 1901 scientiam
471 1836 723 1922 reprehendant,
751 1837 806 1920 qui
833 1859 894 1902 nos
922 1836 1089 1901 derideant
1116 1837 1163 1901 lu-

147 1925 268 2009 dosque
291 1924 411 1988 faciant
430 1927 527 2008 atque
551 1925 658 2010 etiam,
681 1926 709 1989 si
733 1924 794 1990 diis
812 1926 929 2010 placet,
952 1924 1025 1989 odio
1045 1924 1163 2011 dignos

107 2040 133 2079 ιο
147 2012 348 2097 existiment,
379 2012 465 2098 quod
493 2033 610 2096 operae
638 2016 766 2077 tantum
793 2035 830 2078 ac
858 2012 1015 2098 temporis
1042 2013 1078 2077 in
1100 2014 1164 2079 hoc

145 2106 213 2165 ιιιιι
234 2100 339 2165 nobili
362 2100 469 2165 studio
493 2100 762 2166 collocemus?t
748 2107 786 2166 tu
808 2102 944 2167 fortasse
970 2123 1037 2166 non
1059 2101 1163 2187 audis,

144 2194 234 2254 totus
271 2190 305 2254 in
336 2189 376 2252 lit
362 2188 455 2254 tteris
488 2189 579 2254 abdit
565 2194 632 2275 t,us
668 2189 845 2255 multorum
878 2212 897 2254 a
929 2190 1162 2255 consuetudine

144 2278 322 2363 seiunctus,
345 2282 414 2363 aut,
438 2278 465 2342 si
488 2277 580 2342 audis
584 2277 769 2379 ,negligis,
793 2278 922 2365 opinor,
945 2278 1072 2381 magnis
1094 2301 1162 2344 non

145 2372 213 2432 tam
236 2365 426 2450 fortunae
416 2388 451 2430 ιιι
475 2388 538 2449 qua
556 2366 696 2431 tamen
687 2389 760 2451 ipsa
782 2367 922 2431 multum
944 2367 1039 2451 inest,
1062 2389 1162 2451 quam

105 2477 253 2523 ιιιθιιιιιι
276 2454 421 2519 omnium
447 2453 668 2518 laudabilibus
696 2454 866 2539 praesidiis
894 2455 935 2519 ad
962 2455 1070 2520 omnia
1093 2478 1162 2520 mu·

144 2543 242 2608 nitus.
287 2564 339 2607 me
361 2563 453 2627 uero,
478 2542 612 2608 humilis
634 2543 799 2608 hominem
820 2542 898 2628 loci,
927 2543 988 2609 hac
1009 2548 1112 2608 unat
1098 2544 1163 2608 tibi

144 2629 283 2696 Romani
306 2630 463 2696 sermonis
486 2631 664 2783 cupiditate
685 2654 810 2717 parem,
833 2631 949 2698 ceteris
972 2633 1071 2697 rebus
1095 2654 1162 2698 om·

144 2720 243 2785 nibus
265 2718 502 2805 inferiorern,
493 2723 556 2783 ista
561 2721 664 2873 tfere,
692 2743 774 2807 quae
802 2721 924 2785 feriunt
910 2724 1040 2785 taures
1063 2743 1163 2806 meas,

144 2809 353 2872 uehementer
371 2812 585 2873 commouent
616 2832 683 2874 non
703 2809 789 2894 quod
808 2831 854 2894 ea,
875 2809 995 2895 quibus
1014 2813 1163 2895 utuntur,

105 2925 133 2966 ιο
146 2899 337 2984 argumenta
303 2894 499 2960 tfirma
474 2901 540 2960 s1n
544 2949 554 2982 ,
577 2920 671 3000 quae
681 2903 732 2963 ost
718 2897 848 2963 tendam
872 2918 941 2962 esse
964 2897 1082 2983 inania,
1105 2861 1163 2962 sed

146 2986 246 3087 quod,
273 2989 312 3050 ut
335 3005 405 3048 eam
428 2984 565 3086 quisque
587 2985 762 3073 uirginem,
790 2986 881 3052 euius
905 3006 1012 3051 amore
1035 2985 1164 3073 flagret,

145 3074 301 3139 intactam
328 3073 403 3138 ab
394 3073 525 3159 miuria,
558 3092 674 3159 puram
701 3076 742 3140 ab
773 3075 861 3139 omni
887 3072 962 3139 labe
988 3074 1084 3161 uelit,
1115 3075 1163 3139 sic

146 3182 207 3249 ego
232 3162 324 3248 quasi
345 3161 463 3227 lutosis
486 3164 620 3228 maculis
644 3163 830 3248 adspersam
853 3182 889 3228 ac
912 3162 1075 3227 foedatam
1098 3162 1163 3229 elo·

147 3251 341 3351 quentiam„
349 3272 446 3404 quani
469 3274 597 3336 semper
620 3252 800 3337 dilexerim,
824 3271 897 3316 oum
921 3273 981 3338 ego
1005 3250 1163 3338 adspicio,

104 3365 132 3407 ιι
147 3339 341 3405 sensibus'
332 3344 380 3404 1nt
382 3339 456 3405 imis
493 3340 617 3405 afficior
651 3340 710 3426 sic,
745 3344 782 3404 ut
769 3341 898 3405 tferre
930 3362 996 3404 non
1028 3339 1162 3424 possim

146 3426 313 3493 Obiiciunt
350 3428 431 3493 illud
460 3428 617 3529 primurn:
655 3432 813 3511 quatenus
850 3428 972 3531 aliquid
1009 3429 1163 3516 cognosci

146 3517 265 3605 possit,
237 3517 466 3583 teatenus
457 3539 491 3580 111
515 3539 552 3581 eo
575 3517 795 3581 laborandum.
842 3515 912 3581 Lat
889 3521 992 3581 tmam
1014 3517 1164 3604 linguam
