2430 3922
150 173 172 235 4
498 170 546 224 111.
574 171 662 226 Paulo
680 170 824 241 Magnulo.

105 394 108 398 .
153 333 195 397 ed
225 332 258 396 id
287 332 470 398 faciendum
500 332 607 396 minus
635 332 918 396 accommodatum.
957 354 1055 416 quare
1085 333 1172 399 hane

154 425 282 506 partem
305 421 432 486 omitto.
474 419 567 497 Quod
585 420 746 504 reliquum
765 424 823 505 est,
846 421 884 484 de
908 442 960 484 me
983 420 1082 485 uelim
1106 422 1171 486 tibi

155 510 262 575 omnia
286 513 471 575 constanter
494 508 691 593 pollicearis,
719 529 801 592 quae
829 509 871 572 ab
896 508 1089 574 amicissimo
1113 510 1171 575 ho-

153 599 239 662 mine
259 597 424 683 expectari
445 601 478 661 et
497 597 602 661 solent
621 600 653 660 11
672 596 801 661 debent.
837 619 897 683 ego
918 619 1046 662 omnem
1064 620 1172 664 meam

125 713 138 754 s
154 709 294 771 operam,
313 707 422 752 euram
441 689 474 749 et
493 684 696 770 diligentiam
714 685 754 748 ad
772 691 805 749 te
825 684 942 750 defero.
975 686 1024 750 Tu
1041 687 1172 753 nullum

151 775 295 840 officium
313 795 418 858 neque
442 772 568 858 gratius
585 794 690 856 neque
710 773 881 837 iucundius
899 778 1063 858 praestare
1087 775 1170 840 mihi

151 868 258 947 poteS,
288 885 386 947 quam
414 860 441 926 si
470 865 502 925 et
528 860 738 926 creberrimas
761 865 794 924 et
822 883 875 926 eas
897 861 1104 948 longissimas
1128 865 1171 928 ad

152 974 202 1015 me
230 951 356 1015 litteras
383 949 518 1014 miseris.
560 948 594 1012 id
623 949 709 1033 quod
739 971 777 1013 eo
807 949 977 1035 libentius,
1010 956 1047 1014 ut
1076 957 1169 1036 puto,

151 1040 256 1103 facere
280 1038 387 1121 debes,
412 1038 498 1121 quod
516 1038 596 1102 haec
618 1037 690 1120 ipsa
709 1037 871 1102 scribendi
890 1038 1081 1103 uicissitudo
1100 1062 1170 1105 non

110 1156 136 1195 10
150 1127 344 1192 mediocrem
363 1128 505 1190 fructum
524 1126 654 1210 utrique
672 1130 821 1191 nostrum
841 1130 890 1190 est
908 1126 1057 1191 allatura:
1076 1129 1168 1211 mihi,

151 1215 238 1300 quod
269 1237 308 1279 ex
341 1219 471 1279 tuarum
500 1214 684 1278 litterarum
715 1214 854 1278 lectione
886 1236 1014 1299 semper
1043 1216 1168 1300 aliquid

150 1303 305 1368 memoria
333 1303 468 1388 dignum
496 1323 678 1387 excerpam,
707 1302 783 1386 tibi,
812 1302 898 1386 quod
920 1303 1049 1367 assidua
1068 1305 1167 1388 scrip·

150 1391 237 1456 tione
262 1391 476 1474 consequeris,
498 1394 545 1473 ut,
568 1391 596 1455 si
620 1412 683 1474 qua
706 1390 869 1454 interdum
892 1391 1100 1456 festinantius
1123 1393 1166 1456 11-

152 1480 247 1565 geris,
271 1502 308 1544 ee
330 1483 481 1544 reuocata
504 1478 610 1543 animo
635 1478 815 1542 diutissime
834 1484 1045 1561 permaneant
1068 1485 1166 1564 atque

110 1596 136 1637 11
150 1568 333 1652 perdurent.
370 1567 462 1652 Vale,
484 1567 631 1673 Venetiis
650 1565 728 1630 VHI
750 1566 792 1629 id.
812 1565 899 1649 Sept.
925 1566 1166 1654 [MDXXXQ

551 1799 764 1806 ———·—-—-

630 1987 686 2052 ΙΠ,

297 2128 416 2193 Ρ1111
445 2127 624 2215 Magnulo
653 2129 856 2194 Patauium
883 2130 941 2212 (IV,
958 2138 1011 2205 oa).

235 2269 362 2335 Potasti
393 2272 475 2354 fore,
506 2274 544 2333 ut
573 2291 634 2355 ego
667 2274 699 2334 te
732 2272 907 2335 abeuntem
935 2270 1056 2336 litteris
1089 2296 1162 2356 pro-

148 2358 320 2441 sequerer?
356 2380 422 2422 non
454 2363 491 2422 tu
523 2358 556 2421 id
588 2357 717 2441 quidem
752 2380 915 2441 umquam.
967 2367 1161 2426 conuenerat

108 2474 134 2514 20
148 2445 242 2528 enim,
265 2450 302 2509 ut
325 2449 552 2531 argumentum
574 2467 593 2508 a
611 2448 644 2508 te
668 2449 897 2528 exspectarem.
934 2454 1164 2532 argumentum

147 2533 250 2618 igitur
272 2537 381 2616 potest
405 2537 591 2617 exspectare
615 2554 705 2596 mens
733 2533 767 2597 in
790 2538 823 2597 te
847 2535 959 2598 amor?
992 2559 1055 2620 quo
1078 2537 1161 2602 nihil

146 2621 280 2685 uberius
302 2642 361 2685 neo
384 2625 515 2685 estnec
538 2642 691 2704 umquam
714 2621 785 2685 fuit.
825 2621 934 2706 itaque
958 2625 1079 2708 statim,
1103 2626 1161 2689 ubi

147 2714 184 2773 tu
207 2709 372 2792 profectus
396 2731 443 2792 es,
467 2730 540 2773 cum
563 2731 613 2772 me
636 2709 806 2792 repentina
830 2711 988 2793 quaedam
1010 2713 1162 2778 uoluntas

147 2797 327 2879 excitasset,
350 2796 472 2880 arripui
497 2798 654 2861 calamum
676 2819 781 2882 neque
805 2821 876 2863 sum
895 2800 1026 2884 ueritus,
1049 2805 1086 2864 ut
1110 2825 1161 2866 me

108 2913 134 2953 11
149 2885 345 2949 scribentem
368 2885 528 2950 sententia
556 2886 712 2951 deficeret.
753 2887 824 2971 hui,
852 2909 949 2971 quam
971 2888 1074 2952 multa
1097 2889 1162 2954 iam

147 2996 232 3038 nunc
262 2973 343 3037 mihi
376 2973 512 3038 ueniunt
545 2974 578 3038 in
608 2979 757 3040 mentem.
804 2981 892 3060 sunt,
925 2997 1005 3059 quae
1038 2978 1162 3060 possim

148 3062 297 3145 scribere,
315 3061 466 3127 leuitates
484 3063 667 3128 amatoriae.
701 3064 859 3149 quorum?
881 3063 997 3146 inquis.
1034 3087 1162 3131 mecum

147 3150 290 3214 habebo:
317 3172 421 3234 neque
445 3151 509 3215 tibi
531 3174 635 3236 neque
659 3153 808 3236 cuiquam
831 3150 931 3214 edam.
975 3153 1050 3217 uolo
1075 3155 1162 3219 em'm

148 3259 278 3322 parcere
306 3239 480 3324 amicitiae,
508 3263 571 3324 qua
598 3240 679 3305 mihi
706 3244 781 3304 sunt
809 3239 985 3324 coniuncti,
1013 3242 1069 3325 qui
1093 3247 1161 3308 tam

107 3353 134 3392 11
148 3326 306 3409 suauiter,
336 3332 373 3392 ut
400 3328 464 3412 ipsi
492 3333 622 3414 putant,
653 3327 782 3410 uiuunt,
812 3332 847 3391 ut
871 3350 932 3414 ego
956 3330 1060 3394 sentio
1085 3332 1161 3396 deli-

147 3420 227 3479 rant.
284 3420 359 3480 sunt
395 3416 474 3484 item
510 3419 698 3500 σκιαμαχίαι
741 3417 897 3500 quaedam
938 3423 970 3482 et
1006 3418 1160 3484 militaria

146 3525 279 3568 munera
302 3504 425 3588 populo
449 3504 536 3589 data,
558 3510 724 3569 taurorum
745 3505 946 3589 uenationes,
969 3508 1160 3573 saltatorum
