2400 3922
522 208 736 274 ..98-

120 391 208 434 cerae
231 372 331 451 pondo
351 374 450 453 semis,
474 370 627 450 sulphuris
646 372 705 432 vivi
728 370 827 450 pondo
848 378 981 453 sextans,
1006 371 1142 433 aluminis

122 462 185 522 lissi
208 481 236 540 p.
256 460 281 520 ll
305 459 325 520 l.
851 535 855 542 ⁶

213 548 319 610 CCLll.
357 545 436 608 Rene
465 548 535 609 lacit
563 547 656 609 olivae
683 546 875 626 Aethiopicae
905 551 1033 628 commi,
1066 549 1143 628 qnod

125 638 230 699 Graeci
259 637 358 710 ἐλαίας
380 637 565 716 Αὐθιοπικῆς
593 630 725 715 δάκρυον
749 643 868 716 vocant,
896 643 983 696 aceto
1008 637 1143 698 dilutum.

89 726 199 789 altem
223 725 321 786 salicis
345 724 414 785 libri
436 733 579 794 exaceto
599 726 677 785 cocti
700 731 789 803 atque
812 726 853 784 ita
877 725 942 785 triti
966 733 997 786 et
1021 728 1144 804 inpositi

126 816 233 876 tollunt
256 814 393 875 scabiem.
432 813 515 874 Facit
538 822 569 874 et
591 812 724 873 eiusdem
747 813 824 872 cinis
848 830 885 872 ex
909 822 995 874 aceto
1021 813 1060 874 ad
1083 832 1143 875 sca·

125 904 211 965 hiem.
248 902 374 962 Prodest
393 909 423 962 et
441 903 536 962 lerina
554 901 711 962 hordeacia
730 908 815 961 cocta
834 919 871 961 ex
889 919 992 983 posca,
1017 905 1045 963 si
1063 912 1143 963 tene·

125 1010 190 1052 rum
211 1008 320 1068 corpus
339 992 409 1069 erit,
427 989 472 1050 vel
492 1008 528 1050 ex
547 999 640 1071 aceto,
660 992 686 1050 si
704 989 822 1070 durum,
840 1007 896 1068 per
914 989 981 1050 dies
1001 999 1144 1070 quattuor

123 1090 174 1138 aut
197 1080 343 1159 quinque3
371 1078 478 1138 deinde
502 1087 636 1139 ceratum
660 1097 696 1138 ex
720 1096 788 1138 rosa
812 1078 929 1139 adiecta
953 1097 1079 1140 cerussa
1101 1082 1144 1142 in-

70 1181 104 1228 10
123 1184 235 1245 ponere
259 1174 390 1246 oportet,
413 1166 509 1228 donec
532 1168 655 1229 cicatrix
678 1167 813 1242 ducatur.

213 1253 333 1317 CCLlll.
366 1256 446 1317 Facit
465 1255 541 1316 bene
560 1264 591 1316 et
613 1254 685 1316 haec
704 1256 885 1334 conpositio:
909 1253 1000 1316 Turis
1020 1255 1143 1317 masculi

124 1344 223 1424 pondo
259 1346 366 1425 triens,
404 1344 557 1422 sulphuris
592 1344 692 1422 pondo
724 1345 825 1424 uncia,
863 1361 1008 1422 ceparum
1047 1345 1144 1424 pondo

126 1441 258 1514 sextans,
296 1435 420 1494 rumicis
457 1435 601 1493 erraticae
638 1432 747 1492 radicis
782 1441 866 1493 aceto
900 1450 1023 1512 quoque
1056 1435 1143 1494 tritae

125 1522 224 1600 pondo
236 1520 309 1581 -Ι,
334 1521 440 1582 Omnia
458 1528 607 1603 teruntur,
626 1522 769 1581 miscetur
787 1523 864 1581 aceti
884 1521 965 1599 quod
984 1522 1061 1582 satis
1079 1525 1144 1600 erit,

72 1620 105 1670 15
125 1610 155 1669 id
180 1617 225 1671 est
244 1610 315 1670 dum
339 1609 435 1670 mellis
454 1612 548 1670 crassi
570 1608 678 1670 habeat
701 1608 934 1688 spissitudinem.
973 1608 1051 1670 Cum
1069 1628 1142 1688 opus

126 1706 181 1778 est,
200 1697 312 1759 scabiei
330 1699 414 1760 locus
433 1701 511 1759 nitro
527 1717 563 1758 cx
583 1705 666 1759 aceto
680 1697 805 1759 fricatur
820 1698 932 1758 diutius
950 1706 982 1759 et
999 1701 1144 1779 pressino,

125 1782 232 1846 deinde
255 1787 313 1846 hoc
336 1787 585 1847 medicamentum
609 1786 812 1867 superlinitur.

215 1873 349 1934 CCLllll.
390 1874 452 1935 Alia
481 1876 647 1952 conpositio
676 1875 712 1934 ad
740 1875 833 1936 idem:
865 1874 1044 1936 Scamoniae
1071 1873 1142 1954 ph

125 1962 178 2042 lll,
210 1980 329 2022 murrae
358 1962 431 2042 pil
459 1962 485 2043 l,
518 1966 595 2023 aeris
623 1962 706 2023 floris
733 1962 806 2042 pil
834 1963 860 2045 l,
893 1963 1006 2024 astulae
1035 1966 1143 2042 regiae,

71 2064 106 2113 20
127 2071 216 2131 quarn
243 2045 413 2130 ἀσφόδελον
436 2051 541 2112 Graeci
569 2052 686 2132 dicunt,
714 2052 823 2112 radicis
851 2051 925 2130 pil
952 2051 992 2131 ll,
1020 2051 1143 2130 glutinis

126 2143 238 2201 taurini
261 2158 289 2218 p.
309 2139 335 2200 li
353 2139 393 2221 ll,
416 2143 488 2201 uitri
509 2139 578 2219 pli
595 2140 608 2200 l
628 2148 658 2200 et
678 2141 833 2201 victoriati.
870 2139 1025 2200 'feruntur
1045 2142 1140 2201 omnia

125 2237 209 2290 aceto
233 2237 352 2307 praeter
376 2228 491 2307 gluten:
518 2228 575 2289 hoc
599 2231 678 2289 enim
706 2228 802 2307 pridie
824 2235 1009 2289 maceratum
1033 2230 1141 2290 ceteris

124 2320 183 2377 iam
211 2320 291 2378 tritis
319 2319 471 2378 miscetur.
513 2316 588 2378 Cum
611 2335 686 2396 opus
710 2325 809 2377 autem
833 2325 892 2397 est,
915 2324 984 2377 ante
1008 2319 1090 2378 uitro
1114 2323 1142 2376 et

125 2414 208 2466 aceto
232 2406 315 2466 locus
339 2414 540 2484 exasperatur,
564 2405 670 2466 deinde
693 2406 750 2466 hoc
774 2404 926 2466 oblinitur.

70 2504 104 2552 25
213 2493 251 2552 Ut
271 2504 495 2552 consummetur
514 2492 599 2572 liber,
618 2493 790 2571 malagmata
810 2501 839 2554 et
858 2511 950 2571 acopa
970 2493 1140 2555 adiciemus.

214 2578 317 2639 CCLV.
354 2580 496 2657 Malagma
525 2581 559 2640 ad
585 2577 795 2660 ὀπισθότονον,
823 2582 854 2642 id
878 2590 924 2642 est
947 2599 1018 2642 cum
1042 2583 1138 2643 cervix

125 2666 234 2727 rellexa
259 2674 305 2727 est
331 2668 363 2726 in
391 2669 587 2746 posteriorem
615 2678 730 2747 partem
761 2679 811 2731 aut
834 2669 929 2748 rigida
953 2689 1023 2731 cum
1046 2673 1140 2730 inten-

126 2759 209 2818 sione
235 2755 389 2818 oculorum
414 2763 443 2817 et
466 2756 660 2818 maxillarum.
701 2757 785 2819 Facit
807 2765 838 2819 et
861 2759 896 2818 ad
920 2753 1049 2822 κυνικὸν
1072 2777 1140 2819 σπα-

126 2842 211 2925 σμόν,
235 2865 303 2907 cum
322 2848 353 2906 in
374 2845 544 2908 utramlibet
567 2853 682 2926 partem
701 2848 858 2926 depravata
877 2854 923 2907 est
942 2847 1048 2928 facies,
1071 2850 1141 2908 item

71 2947 106 2996 30
127 2936 163 2995 ad
188 2954 305 2996 omnem
329 2938 495 2996 tensionem
520 2944 550 2997 et
573 2938 806 2998 contractionem
833 2953 995 2996 nervorum
1019 2946 1051 2997 et
1074 2936 1139 3014 liga-

126 3025 251 3109 tionem,
284 3020 417 3104 ἀγκύλην
445 3025 522 3104 quod
552 3025 657 3086 Graeci
684 3033 802 3106 vocant3
834 3026 905 3085 item
939 3023 976 3084 ad
1010 3024 1140 3085 dolorem

125 3115 222 3172 omnis
251 3115 345 3190 partis
370 3115 502 3192 quamvis
526 3123 670 3176 veterem:
698 3113 803 3175 Bdellii
830 3131 857 3191 p.
878 3112 904 3172 X
927 3111 1007 3192 XVl,
1037 3131 1139 3192 opopa·

125 3201 207 3258 nacis
237 3218 264 3277 p.
290 3200 314 3259 ll
343 3201 420 3279 Vlll,
454 3200 571 3280 galbani
598 3221 626 3281 p.
646 3201 671 3262 ll
695 3202 772 3282 Vlll,
801 3202 895 3280 adipis
923 3201 1043 3262 vitulini
1070 3221 1098 3280 p.
1117 3198 1158 3260 X.

197 3425 213 3472 4
232 3437 333 3488 graece
353 3422 388 3474 R.
463 3430 477 3477 ‘l
498 3423 634 3478 ordeaeea
652 3422 687 3476 R.
762 3428 794 3475 13
813 3422 916 3477 radicis
935 3425 1051 3493 scripsi:
1070 3423 1140 3478 radi·

125 3508 171 3546 ces
190 3491 226 3546 B.
284 3496 317 3545 14
338 3493 411 3545 aceti
428 3495 540 3562 scripsi:
560 3498 640 3548 aceto
659 3492 695 3546 R.
752 3497 784 3546 lo
803 3492 881 3546 locus
900 3495 953 3548 huc
972 3496 1142 3566 transposuit

123 3563 225 3630 Rhoe,
243 3568 308 3631 post
327 3562 409 3615 aceto
429 3564 518 3617 eolloc.
538 3563 573 3618 R.
647 3561 768 3616 saitem
788 3578 846 3632 epo:
871 3563 946 3617 idem
965 3565 1003 3622 R.
