2400 3922
475 99 690 163 ,21-

69 265 209 345 peseitur
232 264 299 324 sine
319 261 421 324 dolore
446 272 496 324 aut
519 263 600 323 ierro
623 262 681 323 boc
705 262 835 343 pastillo:
858 263 1003 327 dluminis
1027 267 1091 328 tissi

68 352 172 434 pondo
198 353 309 432 triens,
339 353 488 429 aeruginis
516 351 614 429 pondo
639 353 746 433 triens,
773 354 884 432 misyos
909 357 967 414 usti
991 356 1089 435 pondo

70 443 183 522 triens,
213 439 354 502 rubricae
383 439 534 519 Sinopidis
566 440 665 520 pondo
693 443 801 522 triens,
835 443 958 502 commis
990 444 1090 523 pondo

67 539 203 593 sextans.
240 528 395 590 Teruntur
417 531 517 608 priora
542 546 577 588 ex
602 537 685 590 aceto
705 532 775 611 acri,
799 529 893 590 donec
913 534 998 609 quasi
1022 550 1089 592 cum

71 618 230 700 collyrium
254 619 434 696 conponitur
457 617 530 677 levia
554 618 639 698 fiant3
667 618 806 679 ultimum
829 621 938 680 commi
961 619 1090 681 adicitur
1109 634 1126 681 5

72 717 103 770 et
124 708 205 770 tiunt
226 704 352 786 pastilli,
380 707 432 784 qui
455 705 490 766 ad
516 708 613 767 omnia
636 706 736 767 ulcera
760 707 874 768 faciunt
896 725 972 787 aqua
995 708 1091 790 diluti,

71 815 142 860 cum
165 804 219 857 aut
242 794 449 873 conpescenda
473 803 543 855 sunt
565 803 617 855 aut
640 797 811 857 cicatricem
833 795 943 858 debent
966 797 1091 878 ducere,

70 885 124 948 sed
153 882 361 965 aquationibus
389 890 507 962 oportet
534 885 591 963 uti,
625 902 693 945 cum
722 887 845 946 cicatrix
873 894 919 947 est
947 885 1090 947 ducenda.

69 975 154 1037 Bene
178 974 293 1034 iaciunt
316 979 347 1032 et
370 971 406 1032 ad
430 970 616 1032 exulceratas
639 991 727 1033 nares
747 973 878 1054 qualibet
897 993 932 1035 ex
953 994 1041 1036 causa
1061 983 1091 1036 et

69 1064 203 1144 graviter
226 1059 349 1121 olentes.
1111 1078 1145 1127 10

161 1147 263 1211 Xblll.
295 1148 339 1208 dd
363 1149 515 1228 parotidas
534 1151 673 1210 convenit
691 1158 818 1212 noctuae
838 1150 1018 1212 cerebellum
1037 1152 1090 1214 bu-

71 1252 140 1322 tyro
158 1241 299 1301 mixtumt
319 1236 443 1299 discutit
461 1239 540 1298 enim
561 1238 623 1298 fere
638 1256 688 1298 eas
707 1241 771 1299 sine
786 1238 887 1299 dolore
903 1249 933 1300 et
946 1240 1090 1303 molestia.

70 1329 202 1411 Oportet
214 1336 315 1388 autem
329 1344 405 1405 aqua
424 1328 537 1386 marina
556 1326 683 1388 ferventi
700 1329 784 1388 novis
800 1330 937 1407 spongeis
953 1329 1090 1390 demissis

69 1427 101 1480 et
119 1435 177 1498 per
195 1415 321 1477 linteum
339 1417 485 1476 intortum
504 1417 656 1494 utrimque
675 1417 825 1494 expressis
844 1434 986 1494 vaporare
1005 1435 1090 1495 paro·

69 1508 165 1569 tidem
188 1512 276 1582 atque
296 1504 337 1564 ita
356 1503 489 1564 oblinere
507 1503 564 1564 boc
584 1504 799 1565 medicamento
819 1522 969 1583 superque
989 1513 1089 1584 tegere
1111 1521 1144 1570 15

68 1596 138 1657 lana
161 1593 336 1671 sulphurata
359 1599 451 1653 totam
474 1590 632 1653 maxillam.

161 1680 278 1743 XLllll.
309 1681 383 1741 ltem
402 1680 479 1741 bene
499 1681 621 1742 discutit
644 1680 794 1760 parotidas
813 1683 866 1741 iris
886 1680 1001 1761 Illyrica
1020 1700 1089 1743 con-

70 1783 139 1834 tusa
167 1778 253 1833 cocta
282 1787 319 1830 er
350 1787 438 1849 passo
466 1787 550 1829 more
583 1770 695 1829 farinae
727 1769 903 1831 hordeacias
933 1770 1016 1831 calda
1043 1770 1089 1832 bis

69 1872 155 1923 terve
178 1859 315 1938 inposita.

161 1946 247 2009 XLV.
280 1946 409 2009 Discutit
428 1955 459 2007 et
478 1946 535 2007 hoc
555 1945 803 2009 medicamentum
826 1948 987 2029 parotidas,
1010 1958 1089 2010 ante·
1109 1970 1144 2020 20

74 2055 165 2119 quam
181 2037 425 2115 suppuraverint:
440 2034 568 2114 Spumae
583 2043 740 2113 argenteae
755 2035 853 2115 pondo
869 2037 936 2117 dua,
951 2055 1090 2098 cerussae

71 2127 171 2206 pondo
190 2123 276 2202 libra,
295 2123 365 2184 salis
384 2125 559 2184 ammoniaci
578 2124 677 2204 pondo
692 2122 775 2206 libra,
794 2126 872 2184 aeris
891 2124 973 2184 floris
991 2125 1090 2204 pondo

72 2215 214 2294 dodrans,
237 2213 314 2273 aceti
338 2214 496 2294 sextarius,
519 2211 576 2273 olei
599 2213 709 2272 veteris
734 2214 854 2272 sextarii
878 2210 936 2272 duo
956 2220 987 2272 et
1006 2213 1089 2273 dimi·

73 2304 149 2365 dius.
198 2301 354 2382 Spumam,
387 2319 553 2382 cerussam,
586 2300 676 2360 salem
704 2319 759 2380 per
788 2318 819 2360 se
847 2308 878 2361 et
906 2318 973 2362 cum
1006 2309 1090 2362 aceto

71 2401 172 2454 terere
201 2398 320 2469 oportet
348 2392 500 2471 mortario,
528 2389 635 2450 deiude
661 2388 726 2448 oleo
755 2389 884 2450 admixto
908 2393 1035 2452 traicere
1058 2392 1088 2451 in
1109 2410 1144 2460 25

71 2479 233 2543 caccabum
267 2478 411 2560 amplum,
448 2495 486 2538 ne
520 2486 602 2539 extra
636 2478 778 2539 tundatur
811 2476 855 2556 [et
889 2479 1089 2558 effervescat]:

71 2570 241 2631 effervescit
273 2569 353 2628 enim
385 2566 477 2627 valde.
524 2566 598 2628 Cum
631 2566 704 2628 haec
739 2586 830 2647 super
863 2570 961 2647 ignem
994 2571 1090 2650 posita

71 2658 234 2719 habuerint
257 2655 410 2735 emplastri
433 2663 666 2734 temperaturam
691 2655 801 2737 mollis,
830 2656 979 2736 deponere
1003 2675 1089 2735 opor-

70 2746 145 2808 tebit
169 2743 346 2825 caccabum3
375 2762 442 2804 cum
466 2745 582 2805 fervere
606 2744 742 2824 desierit,
765 2744 906 2822 paulatim
930 2761 1091 2823 aspergere

144 2896 268 2954 imisui
285 2896 321 2951 L.
395 2897 521 2952 umbici
540 2897 682 2956 senobidis
701 2897 735 2950 L.
806 2895 956 2965 bpastalli
974 2895 1008 2948 L.
1072 2900 1089 2949 7

73 2973 139 3026 sunt
157 2969 206 3025 Mc
231 2966 289 3022 sint
306 2966 342 3023 R.
415 2967 520 3023 debant
541 2970 653 3038 scrupeis
676 2967 800 3022 debeant
817 2965 852 3019 R.
926 2965 1090 3019 8duoenda

72 3041 120 3096 M:
140 3038 283 3096 eludenda
300 3038 336 3094 R.
406 3043 439 3092 13
459 3038 582 3110 sfongeis
600 3039 627 3094 L
651 3036 776 3107 spongiis
794 3035 831 3090 R.
896 3035 1089 3105 leuiumque

71 3111 112 3166 L:
132 3112 261 3179 utrisque
276 3109 313 3164 R.
383 3115 416 3164 ts
434 3110 581 3178 sulpurata
594 3110 628 3166 L.
698 3115 731 3164 18
750 3106 912 3163 hordiacios
926 3106 989 3162 LR.
1055 3114 1088 3163 1a

73 3183 152 3240 terra
171 3182 202 3236 in
220 3180 268 3235 die
288 3181 332 3236 Μ.
406 3186 440 3235 21
459 3181 676 3250 suppuraverint
692 3179 720 3233 R
742 3181 774 3233 io
792 3179 894 3232 indice:
919 3195 951 3232 su
972 3195 1089 3248 pursve·

70 3255 136 3308 runt
160 3253 189 3308 R
218 3252 375 3322 suppurent
398 3252 440 3307 M.
513 3258 548 3307 23
577 3250 710 3305 dimidius
737 3250 848 3319 scripsi:
877 3196 1024 3303 dimidium
1051 3248 1088 3303 R.

72 3330 107 3379 tt
119 3329 186 3396 post
205 3339 336 3394 spumam
354 3324 419 3379 cdd.
439 3323 468 3378 et
485 3322 521 3391 R,
541 3339 591 3377 om.
612 3321 655 3376 M.
729 3326 763 3375 26
782 3319 933 3375 caccubum
951 3320 990 3374 La
1009 3334 1089 3374 caca-

69 3394 133 3451 bum
153 3396 183 3450 R
204 3409 317 3465 semper.
391 3397 420 3448 et
434 3392 602 3448 ‘effervescat
618 3391 753 3447 uocabula
771 3408 789 3447 a
804 3390 843 3445 M
856 3393 956 3447 omissa
974 3392 1088 3459 inclusi3

73 3467 107 3535 cf.
124 3483 147 3523 c.
167 3471 230 3522 207.
305 3470 339 3520 29
358 3481 421 3520 cum
441 3481 506 3519 vero
524 3466 631 3519 fervere
648 3463 683 3516 L.
