2400 3922
118 175 163 240 80
409 179 546 236 XXXVII.
574 179 675 236 Ioanni
692 180 841 238 Sambuco.

117 336 229 423 tacere,
254 339 282 402 si
306 362 365 423 per
388 341 563 407 domestica
585 342 717 428 negotia
739 342 859 408 liceret.
902 342 968 429 sed,
993 345 1133 430 obsecro,

115 423 217 489 nolite
251 449 291 492 ex
330 429 397 494 otio
429 435 538 494 uestro
576 453 683 495 meum
713 436 868 515 spectare.
919 432 1017 496 uobis
1052 434 1129 497 enim

117 518 205 578 certa
229 520 262 581 et
286 517 435 602 expedita
458 523 533 583 sunt
557 519 677 583 omnia:
701 520 784 583 mihi
807 520 939 584 unicum
963 525 1014 585 est
1038 522 1128 585 uecti-

116 602 172 689 gal
196 604 354 671 industria
378 628 461 689 mea,
494 629 557 691 qua
584 607 705 671 liberos
733 609 830 693 alere,
864 609 949 673 tueri
977 610 1128 674 familiam

89 713 217 780 rcogor
246 699 279 759 et
308 695 334 759 si
361 694 541 782 negligam,
570 694 735 760 deseretur
762 697 955 761 humanitas.
1004 699 1068 782 sin,
1096 703 1128 762 ut

117 780 228 868 debeo,
247 781 418 869 diligenter
437 805 553 869 curem,
572 783 674 848 iacere
694 785 800 849 studia
818 807 950 851 necesse
970 791 1030 872 est,
1054 808 1126 871 quae

117 871 258 936 solutum
277 871 361 935 curis
376 871 527 937 omnibus
547 873 688 937 animum
707 873 885 957 postulant.
923 873 978 958 At,
998 875 1125 959 inquies,

114 957 187 1042 ipsa
209 958 271 1039 tibi
292 959 399 1024 studia
417 962 559 1026 fructum
582 963 695 1026 ferent.
733 960 818 1026 Cane
841 962 916 1026 aliis
940 963 1125 1028 cantilenam

113 1044 223 1134 istam,
246 1070 351 1113 mores
374 1071 411 1113 ae
433 1054 581 1134 tempora
603 1050 843 1136 ignorantibus,
868 1050 950 1115 mihi
973 1074 1041 1117 non
1062 1074 1126 1135 per·

74 1156 100 1196 ιο
113 1134 265 1200 suadebis
293 1141 437 1221 experto.
483 1143 578 1204 uetus
605 1139 661 1203 illa
688 1138 878 1223 Principum
906 1140 1053 1205 uirorum
1079 1141 1124 1204 be

112 1222 257 1310 nignitas
281 1226 415 1310 exaruit,
438 1227 547 1291 inania
569 1227 716 1312 plerique
740 1232 931 1312 sequuntur,
954 1229 1038 1293 nihil
1061 1228 1124 1293 soli·

112 1311 191 1378 dum
221 1319 342 1400 amant,
372 1315 455 1379 nihil
485 1314 705 1403 magnificum,
735 1315 818 1379 nihil
847 1316 986 1383 iHustre.
1035 1317 1125 1381 Vides

112 1399 208 1488 alios,
239 1403 329 1487 quasi
353 1404 525 1487 perdendis
548 1409 676 1468 tantum
699 1404 849 1490 frugibus
873 1406 943 1469 nati
969 1407 1049 1492 sint,
1074 1407 1122 1470 irn-

111 1490 264 1556 manibus
297 1492 466 1576 epularum
498 1493 684 1577 sumptibus
714 1515 793 1576 opes
824 1493 1010 1581 exhaurire,
1044 1493 1122 1579 alios,

72 1599 98 1640 rs
114 1579 205 1663 quasi
229 1580 327 1646 etiam
349 1581 497 1647 homines
520 1582 622 1666 ipsos,
650 1604 715 1646 non
741 1581 836 1646 modo
860 1582 974 1668 fruges
997 1584 1122 1668 perdere

112 1668 284 1752 pulchrum
304 1669 356 1753 sit,
378 1672 548 1735 thesauros
567 1671 728 1735 effundere
748 1669 900 1734 collectos
923 1672 1121 1736 acerbissime

112 1756 148 1820 in
171 1780 209 1823 ea
235 1758 334 1844 bella,
363 1782 444 1844 quae
468 1760 653 1824 uastitatem
677 1759 776 1844 agris,
804 1759 945 1823 urbibus
974 1759 1121 1844 incendia,

110 1844 252 1911 humano
275 1848 399 1933 generi,
427 1848 530 1911 aliena
559 1847 698 1912 stultitia
726 1847 920 1932 miserrimo,
951 1848 1073 1913 cladem
1094 1851 1121 1910 et

110 1933 247 1999 exitium
279 1935 464 2019 importent.
516 1935 627 2000 Musae
663 1935 795 1999 interim
827 1935 950 2020 ubique
984 1938 1120 2002 locorum

69 2040 97 2080 ro
110 2019 235 2109 algent,
267 2023 432 2109 neglectae
463 2024 503 2088 ab
534 2024 588 2108 iis,
619 2023 674 2107 qui
702 2024 812 2089 fouere
842 2046 895 2088 eas
923 2029 961 2088 ut
989 2026 1120 2111 manime

109 2113 271 2196 poterant,
290 2112 336 2176 ita
354 2113 493 2179 maxime
512 2113 683 2177 debebant.
720 2112 829 2176 Etiam
848 2112 930 2176 illud
948 2113 1120 2201 indignum,

110 2198 198 2283 quod
221 2201 391 2287 exsistunt,
415 2202 471 2287 qui
494 2201 600 2287 specie
619 2201 825 2266 liberalitatis
844 2201 1017 2287 gloriolam
1036 2223 1119 2266 aucu-

108 2291 229 2370 pentur
263 2295 295 2354 et
329 2314 399 2355 eam
431 2291 599 2377 uirtutem,
635 2315 653 2354 a
684 2312 747 2375 qua
777 2289 966 2374 longissime
1000 2292 1120 2373 absunt,

108 2375 200 2457 quasi
224 2377 417 2443 familiarem
441 2402 531 2445 suam
560 2380 605 2444 sic
633 2379 667 2443 in
695 2400 748 2443 ore
776 2378 932 2464 habeant,
958 2384 996 2444 ut
1019 2399 1118 2444 amare

199 2626 233 2674 28
251 2622 318 2689 post
339 2619 465 2673 ‘absunt'
486 2621 635 2689 legebatur
648 2620 678 2673 in
692 2618 784 2689 prima
798 2620 925 2677 editione
944 2624 1040 2691 quarti
1054 2623 1116 2678 libri

109 2693 214 2759 (1560)=
236 2707 322 2758 quam
340 2690 460 2744 oderunt
479 2707 547 2745 cane
566 2690 647 2759 peius
662 2692 692 2744 et
705 2707 806 2760 angue.
826 2724 860 2733 -
879 2699 914 2746 24
933 2697 999 2762 post
1015 2696 1117 2750 ‘amare

108 2761 284 2816 uideantur':
318 2760 477 2830 exemplum
504 2778 601 2815 recens
632 2760 662 2815 in
693 2762 824 2817 manibus
852 2767 896 2817 est
923 2764 1060 2835 hominis,
1091 2770 1120 2819 ut

110 2848 128 2887 a
149 2830 248 2886 multis
273 2831 382 2900 accepi,
410 2831 594 2899 nobilissimi,
620 2831 670 2900 qui
696 2832 767 2886 mihi
792 2835 821 2888 et
849 2833 1003 2903 obsignata
1026 2837 1120 2891 charta

110 2903 180 2974 quid
197 2901 272 2958 ultro
290 2901 452 2972 promiserit
471 2905 500 2957 et
517 2906 631 2974 postea,
657 2904 749 2958 cultus
773 2921 790 2958 a
808 2921 853 2958 me
873 2905 1028 2974 diligenter
1047 2905 1119 2962 omni

148 2986 216 3031 nera'
236 2971 322 3028 officii
339 2971 452 3041 qualem
472 2972 548 3028 exitu
573 2992 602 3029 se
621 2975 795 3044 praebuerit,
821 2991 877 3030 non
900 2974 1025 3043 ignoras.
1062 2979 1119 3032 Hoc

122 3063 170 3102 ere
188 3044 285 3101 morbo
306 3043 438 3118 laborant
460 3043 544 3098 multi
568 3062 658 3114 eoque
682 3046 807 3116 grauius,
831 3063 885 3114 quo
909 3048 1003 3102 minus
1028 3066 1120 3104 eorum

110 3116 238 3198 dignitas
256 3118 286 3171 et
302 3114 458 3184 amplitudo
476 3114 540 3170 fert.
578 3134 665 3170 unum
689 3120 738 3170 aut
762 3117 894 3186 alterum,
919 3120 1077 3173 sedunum
1094 3120 1122 3173 in

107 3186 208 3268 primis
228 3183 477 3268 animo·exc·ellere
496 3188 526 3240 et
538 3203 694 3268 personam·
702 3186 840 3256 Principis
851 3188 970 3269 ,egregie
985 3190 1122 3272 sustinere

108 3256 873 3407 attrita?llttuttttttlltlb
891 3261 1122 3388 tabidae?

107 3398 215 3453 rabbus
235 3397 393 3467 disciplinis
412 3398 551 3468 cogitare,
576 3416 637 3452 cum
661 3413 709 3477 eas
728 3400 840 3477 ⁸opt1me
864 3399 980 3467 calleat,
1006 3402 1122 3456 minime

108 3469 203 3524 miror.
235 3468 334 3538 itaqua
352 3470 459 3526 factum
478 3487 496 3524 a
513 3487 557 3524 me
575 3486 633 3524 non
651 3469 818 3536 ins1p1enter
835 3472 914 3537 puto,
934 3471 983 3538 qui
1003 3472 1039 3525 de
1059 3473 1123 3527 mit-

109 3541 196 3596 tendo
216 3539 253 3594 ad
272 3557 336 3596 eum
354 3540 427 3596 libro
446 3543 543 3598 nostro
566 3539 728 3610 tequidem
748 3539 923 3607 approbante
943 3557 994 3594 nec
1014 3544 1123 3599 medio·
