2400 3922
456 203 675 268 ..91-

55 369 146 430 latine
174 367 215 427 lel
242 374 340 428 terrae
363 366 473 428 dicitur
497 375 526 429 et
550 366 661 447 ubique
684 371 715 428 in
743 370 823 446 agris
851 371 997 451 nascitur3
1026 378 1088 432 est

56 465 156 519 autem
184 457 286 516 tennis
312 455 475 517 multorum
503 475 656 517 ramorum
682 460 713 518 in
736 466 852 518 rectum
876 461 1072 540 surgentium,

55 547 161 606 liorem
185 543 276 605 habet
295 547 434 624 exiguum
457 564 643 624 purpureum
660 579 698 589 -
716 545 847 606 absinthi
866 549 931 607 suci
949 564 977 624 p.
992 546 1018 606 ΙΙ
1036 546 1072 628 Π,

56 635 197 696 aluminis
214 633 321 713 liquidi
338 633 407 712 pil
426 633 467 714 ΙΙ,
491 633 600 695 herbae
619 634 799 714 pedicularis
818 653 845 715 p.
861 634 886 695 ΙΙ
905 634 945 716 ΙΙ,
968 637 1072 714 misyis

54 723 128 804 pli
152 723 179 802 Ι,
207 721 304 782 mellis
327 731 471 800 quantum
495 722 530 782 ad
554 723 823 802 conprehendenda
847 742 881 784 ea
909 726 981 784 satis
1005 726 1106 786 erite

56 811 118 874 lloc
143 819 291 890 peruncto
315 812 442 871 interius
465 829 522 871 ano
546 819 597 873 aut
620 811 685 872 lana
709 814 801 873 tincta
829 814 955 873 interius
979 821 1071 893 trusa,

55 920 123 963 oum
144 900 317 960 desederint
335 900 370 959 ad
391 899 493 960 sellam
512 907 543 960 et
566 903 722 979 paruerint
743 908 832 980 totae,
855 900 1071 962 medicamento

54 1007 162 1050 rursus
187 988 263 1048 bene
287 989 451 1067 tangendae
475 997 546 1049 sunt
569 989 701 1069 undique
725 997 755 1050 et
777 992 936 1069 praecipue
956 992 1071 1052 radices

55 1095 169 1158 earum,
194 1095 267 1156 quas
287 1076 366 1137 basis
386 1077 498 1158 dicunt,
522 1078 638 1156 specilli
660 1078 825 1161 latitudine,
850 1077 975 1140 subinde
999 1080 1070 1141 hau-

54 1168 153 1227 riente
178 1166 294 1227 medico
317 1165 468 1226 cumulate
496 1167 745 1228 medicamentum
773 1178 803 1229 et
831 1167 1003 1231 adstruente
1027 1169 1070 1230 in·
1091 1185 1125 1235 10

55 1258 274 1335 primenteque,
298 1254 393 1315 donec
418 1254 591 1316 conhibent:
619 1263 715 1316 totum
738 1256 818 1314 enim
842 1257 873 1314 in
897 1274 931 1315 eo
955 1265 1014 1337 est,
1037 1265 1072 1318 ut

55 1344 90 1405 ab
110 1345 195 1404 omni
217 1351 301 1421 parte
322 1350 502 1404 saturentur.
539 1342 593 1404 Est
611 1350 709 1404 autem
733 1343 790 1403 hoc
809 1343 1072 1406 medicamentum:

56 1432 230 1494 chalcitidis
249 1439 334 1492 ustae
353 1450 380 1510 p.
396 1429 421 1491 X
440 1431 504 1511 ΙΙΙΙ,
522 1433 599 1492 aeris
618 1431 701 1492 floris
720 1432 781 1492 usti
800 1430 868 1510 pli
887 1430 951 1513 ΙΙΙΙ,
969 1434 1071 1512 misyis

54 1524 116 1583 usti
144 1539 173 1599 p.
193 1520 219 1580 it
241 1519 295 1600 ΙΙΙ,
323 1522 400 1581 aeris
427 1538 565 1600 squamae
594 1538 621 1598 p.
642 1519 666 1580 li
690 1519 730 1602 ΙΙ,
758 1519 911 1599 diphrpgis
938 1539 967 1600 p.
987 1520 1013 1580 ΙΙ
1035 1520 1071 1602 ΙΙ,

55 1627 158 1671 soreos
188 1611 250 1670 usti
276 1609 351 1688 pit
377 1608 417 1688 ΙΙ,
446 1612 656 1688 auripigmenti
682 1608 757 1688 pil
784 1607 819 1670 ll.
866 1607 945 1669 Haec
973 1611 1124 1676 omnia15

55 1705 198 1760 teruntur
224 1707 253 1759 et
281 1701 373 1778 sicca,
401 1705 435 1758 nt
458 1699 531 1778 dixi,
559 1696 839 1759 haemorrhoidihus
866 1699 1071 1776 inprimuntur

55 1788 198 1867 undiquc,
217 1794 285 1864 post
303 1786 359 1846 hoc
378 1793 469 1846 tenue
489 1786 614 1865 simplex
632 1804 734 1847 rarum
752 1784 908 1846 linteolum
925 1788 1070 1865 inponere

56 1883 175 1955 oportet
199 1881 229 1935 et
256 1892 347 1952 super
374 1874 431 1935 hoc
459 1893 566 1955 panem
594 1883 759 1954 autopyron
783 1893 818 1936 ex
842 1893 917 1954 aqua
941 1893 1070 1937 macera·

54 1972 120 2025 tum
144 1971 175 2024 et
197 1965 302 2024 tritum
330 1981 453 2024 rosaceo
477 1963 541 2024 oleo
565 1964 689 2025 adiecto.
735 1963 798 2024 lloc
821 1962 1072 2025 medicamentum

55 2055 120 2114 sine
153 2070 260 2130 magno
292 2051 393 2112 labore
430 2054 510 2112 circa
547 2055 706 2132 septimum
741 2052 820 2113 diem
852 2053 959 2112 cadere
992 2055 1071 2130 cogit
1090 2070 1125 2118 no

54 2140 308 2202 haemorrhoidas.
350 2139 475 2218 Oportet
503 2148 602 2201 autem
629 2139 675 2201 bis
703 2139 751 2201 die
779 2158 886 2219 panem
917 2143 1071 2221 inponere,

55 2246 281 2307 nonnumquam
312 2231 343 2289 in
376 2237 478 2311 nocte,
510 2230 536 2289 si
564 2231 678 2290 circum
709 2231 876 2289 tensionem
908 2231 1070 2310 senserint3

55 2337 71 2378 a
94 2325 202 2397 quarto
226 2317 274 2378 die
298 2317 475 2396 auriscalpio
500 2335 612 2399 averso,
642 2335 731 2396 quam
759 2324 874 2395 partem
901 2316 1071 2378 κυαθίσκον

56 2406 164 2468 Graeci
182 2414 301 2487 vocant,
321 2408 431 2467 sensim
450 2413 595 2485 temptare
614 2424 734 2466 movere
748 2404 927 2466 abalienatas
943 2413 1071 2487 oportet,

55 2514 115 2574 quo
139 2494 268 2556 celerius
291 2495 429 2555 excidant
458 2491 738 2574 {haemorrhoides}
783 2494 846 2555 lloc
873 2495 1071 2556 medicamen·
1089 2512 1124 2561 25

55 2592 120 2644 tum
144 2601 263 2643 omnem
287 2601 407 2643 carnem
431 2602 466 2644 ex
490 2587 571 2645 omni
598 2594 682 2663 parte
709 2586 843 2663 corporis
872 2583 1072 2646 exulceratam

54 2681 85 2733 et
108 2679 333 2733 excrescentem
357 2679 387 2733 et
410 2674 590 2734 eminentem
614 2676 677 2734 sinc
701 2692 806 2752 magno
831 2692 932 2734 morsu
957 2673 1041 2735 tollit.

146 2758 321 2821 ccxxviii
369 2759 401 2820 Si
433 2763 550 2840 quando
582 2780 642 2821 non
675 2762 859 2823 exulceratas
895 2763 1071 2822 eminentias

127 2999 290 3055 3absinthi
308 3000 348 3054 L:
368 3000 503 3055 absinthii
520 2999 555 3053 R.
618 3000 881 3068 bcomprendenda
899 3000 934 3054 R.
996 3000 1071 3054 cin-

55 3071 144 3127 terius
163 3071 209 3125 M:
230 3073 260 3126 et
276 3070 394 3126 interius
413 3072 448 3126 R.
523 3077 537 3125 7
558 3069 699 3125 desederit
716 3068 780 3138 quis
800 3071 838 3123 M
841 3092 848 3135 ς
873 3088 912 3124 aa
930 3069 1072 3125 desederit

56 3147 103 3211 (sc.
119 3145 209 3212 seper)
223 3142 412 3197 scribendam?
467 3142 612 3211 paruerint
625 3142 664 3195 L:
684 3141 866 3210 apparuerint
879 3141 914 3196 R.
972 3146 987 3194 9
1002 3158 1071 3209 quas

54 3212 131 3268 basis
151 3212 239 3281 (rasis
258 3213 299 3283 L)
315 3214 413 3267 dicunt
431 3213 477 3268 M:
501 3211 624 3266 carbasis
644 3213 748 3266 ducunt
766 3212 802 3267 R.
876 3217 909 3266 10
928 3213 1071 3267 cumulate

56 3284 224 3340 Oornort'us:
253 3285 413 3339 cumulatae
436 3284 464 3338 L
492 3284 653 3338 cumulante
676 3282 712 3337 R.
787 3289 817 3336 11
844 3299 877 3336 eo
901 3283 950 3336 M:
979 3299 1013 3337 ea
1034 3283 1071 3337 R.

56 3361 90 3410 13
114 3353 201 3410 misni
224 3355 257 3410 L.
337 3362 368 3410 li
388 3373 483 3410 rasum
508 3356 551 3408 M.
629 3359 662 3408 22
686 3369 770 3407 noun.
790 3355 818 3408 et
840 3352 870 3406 in
893 3356 1004 3408 noctem
1028 3353 1070 3407 M.

55 3431 90 3481 23
114 3443 133 3481 a
155 3426 257 3495 quarto
281 3425 383 3481 Rhode
411 3428 511 3493 quarto
531 3424 569 3479 M
588 3424 705 3493 aquario
728 3425 763 3478 R.
837 3429 872 3478 24
895 3424 1071 3479 abalienatas

53 3498 169 3566 scripsi:
197 3495 388 3552 abalienatam
411 3496 439 3552 R
465 3513 512 3550 eas
536 3496 578 3551 M.
651 3502 685 3550 25
704 3494 932 3550 haemorrhoides
956 3512 1005 3550 om.
1027 3493 1071 3565 M,

53 3568 167 3623 a'nclttoi⁸
241 3572 276 3621 26
295 3585 329 3621 ex
347 3568 394 3623 M:
413 3568 442 3620 et
461 3567 496 3621 R.
571 3574 605 3622 27
624 3569 654 3622 et
672 3567 841 3622 eminentem
860 3583 909 3622 om.
929 3566 971 3621 Μ.
