2400 3922
147 121 190 184 32
426 116 500 173 XVI.
528 116 574 172 Ad
592 116 747 172 Antonium
765 114 886 172 Aelium.

148 281 293 363 inuitati,
320 285 492 345 accurrunt
520 280 678 363 facileque
705 279 746 342 ad
768 300 822 343 eas
844 299 897 342 res
921 278 1152 364 aggrediuntu‚

148 370 182 434 in
206 369 326 470 quibus
348 369 403 434 uel
425 368 618 435 mediocrem
642 389 774 451 operam
798 366 825 430 si
847 370 990 451 ponant,
1013 367 1154 449 futurum,

149 463 186 524 ut
210 480 250 522 ex
274 458 373 523 animi
397 458 535 523 sentent'
526 480 557 521 ra
511 455 737 541 ttsucceda
760 454 973 520 arbitrantur.
1015 477 1095 539 quos
1114 454 1153 519 dc

149 547 224 615 inde
248 547 341 649 gram
363 543 712 611 temeritatistinfamia
735 543 856 644 refellit
879 547 1029 609 euentus
1073 542 1155 609 huius

120 637 279 724 agenoris
301 636 452 700 haect
403 639 465 719 est,
493 634 531 697 de
556 655 618 733 qua
642 636 712 696 orat
713 632 821 697 ionem
843 631 922 697 insi
896 631 1065 718 tituimus,
1086 630 1156 698 ratio

150 723 394 808 interpretandi
440 721 513 805 quis
543 720 630 784 enim
660 725 723 806 est,
755 721 810 804 qui
842 743 875 784 se
905 743 974 786 non
1005 686 1156 786 exibtimct

150 814 280 878 Liuium
302 832 408 894 posse,
427 809 616 875 Sallustium
616 808 861 897 ,Virgiliums
852 831 963 893 ipsum
986 808 1156 875 mehercule

152 898 414 965 Ciceronem't1ta
444 898 611 964 commode
640 898 814 984 explicare,
849 901 888 962 ιιι
873 897 1105 964 tdesidereri
1122 896 1155 962 ab

151 987 266 1052 erudit
242 992 286 1052 trs
323 988 469 1089 beneque
510 986 798 1087 intelligentibus
811 985 893 1050 uiris
928 986 1014 1051 nihil
1051 983 1157 1072 queat?

111 1103 137 1141 ιο
150 1080 248 1160 atque
276 1077 326 1163 ιιι,
355 1098 429 1141 cum
459 1076 493 1141 in
522 1075 554 1140 O.
578 1075 674 1140 Marii
703 1074 798 1140 aut
789 1097 823 1138 ιιι
851 1074 885 1138 L.
913 1074 1026 1159 Syllae
1053 1096 1159 1142 nomen

20 1225 29 1245 ,
150 1164 335 1251 inciderint
372 1165 399 1229 si
431 1164 528 1230 Marii
564 1168 620 1228 aut
657 1163 783 1316 Syllaet
800 1163 850 1228 uit
836 1168 904 1228 tam
940 1186 960 1228 a
992 1163 1158 1231 Plutarcho

151 1254 351 1339 sumptam
342 1277 377 1318 ιιι
404 1276 462 1318 sua
489 1253 611 1337 scripta
638 1258 743 1319 totam
769 1252 1109 1338 ttranstulerintqttum
1130 1272 1159 1317 sc

152 1364 225 1408 suas
253 1343 416 1444 praeclare
446 1347 556 1426 partes
586 1341 764 1407 absolvisse
792 1341 995 1426 existimant,
1023 1363 1098 1407 cum
1122 1339 1159 1405 in·

152 1431 261 1517 terim,
297 1431 330 1495 in
364 1453 428 1516 quo
460 1431 560 1496 doct
520 1435 637 1518 trmae,
673 1452 755 1515 quae
770 1429 895 1531 paullo
926 1429 970 1494 sit
956 1429 1118 1496 toccult
1095 1433 1158 1530 tior,

112 1543 137 1584 rs
151 1523 331 1605 appareant
362 1525 473 1604 notae,
509 1520 544 1585 in
574 1542 637 1604 quo
668 1517 791 1618 ingenii
822 1518 933 1583 lumen
963 1517 1141 1605 eluceat,
1132 1538 1160 1582 ιι

153 1632 217 1694 quo
240 1611 432 1694 prudentiae
454 1608 506 1674 uis
533 1614 590 1675 aut
617 1607 725 1673 iudicii
754 1607 847 1693 signa
870 1611 1059 1695 cernantur,
1088 1571 1160 1673 iihil

153 1700 299 1763 afferunt.
345 1698 433 1763 exire
463 1698 610 1762 uidemus
640 1700 719 1796 quot
705 1695 784 1760 tidie
814 1717 833 1758 a
859 1696 1021 1779 postremi
1049 1659 1159 1762 ordinis

152 1786 340 1850 hominibus
375 1788 441 1851 fact
427 1791 492 1869 t‚os
515 1784 683 1885 speciosis
720 1805 901 1870 magnaque
937 1784 1161 1867 pollicentibus

152 1872 290 1937 titulis'
281 1873 425 1958 insignes
443 1872 569 1936 minimi
588 1872 686 1955 pretii
705 1871 961 1937 commentarios.
1001 1895 1085 1958 quos
1105 1893 1162 1938 non

112 1989 140 2029 ao
153 1961 248 2026 modo
273 1961 328 2045 qui
353 1960 509 2046 scribunt,
531 1960 613 2025 falsa
636 1961 675 2024 de
698 1982 732 2024 se
755 1960 836 2044 ipsis
854 1959 1009 2061 opinione
1033 1959 1162 2046 decepti,

154 2073 306 2116 uerume
308 2050 388 2114 tiam
411 2050 468 2134 qui
490 2013 613 2135 typis
604 2070 780 2133 impressos
804 2049 954 2133 edunt,
944 2049 1000 2135 iis,
1029 2051 1088 2135 qui
1109 2050 1163 2115 hoc

154 2141 193 2204 de
217 2161 334 2228 genere
357 2139 497 2205 iudicare
516 2143 663 2227 possunt,
685 2137 886 2223 inconsultis,
909 2138 1053 2221 quodam
1075 2138 1162 2204 modo

154 2230 336 2294 deformant
321 2229 574 2381 tpraeclaratt
543 2229 650 2294 studia
667 2228 849 2292 litterarum
868 2230 901 2290 et
919 2226 959 2290 de
977 2228 1164 2311 posteritate
1193 2244 1196 2307 ι

154 2316 226 2397 ipsa
249 2317 388 2399 pessime
411 2321 536 2381 merent
537 2338 583 2382 ur.
620 2317 676 2382 sed
699 2320 750 2380 cet
751 2337 805 2379 era
809 2336 923 2401 ,quae
947 2315 1083 2381 ferenda
1104 2336 1164 2381 non
1193 2342 1196 2401 j

113 2427 139 2468 as
155 2407 244 2485 sunt,
280 2403 420 2468 feramus
452 2409 560 2469 tamen
592 2425 628 2468 ac
661 2402 912 2502 dissimulemus,
949 2425 1027 2468 sane
1060 2404 1165 2469 multa
1194 2434 1196 2463 ;

155 2453 402 2555 commentarios
424 2512 502 2555 uero
525 2490 612 2576 illos,
642 2489 697 2573 qui
721 2491 843 2573 passim
865 2492 1072 2579 leguntur,
1063 2516 1099 2558 m
1122 2490 1165 2557 Oi-

154 2579 279 2643 ceronis
307 2579 468 2644 orationes
498 2577 608 2664 (quem
638 2578 782 2643 librum?
817 2580 995 2646 latinorum
1025 2581 1166 2647 omnium

154 2666 248 2730 facile
272 2667 467 2751 principem)
490 2687 636 2766 grauem,
658 2666 805 2768 inquam,
827 2669 950 2733 illam
941 2670 1094 2736 immensi
1115 2691 1166 2735 uo

154 2754 286 2819 luminis
310 2755 428 2819 molem
450 2753 523 2838 quis
546 2759 608 2840 est,
638 2755 694 2840 qui
717 2720 805 2822 ferrei
824 2758 892 2824 ullo
919 2758 1016 2823 modo
1040 2756 1166 2845 possit?

113 2844 226 2910 aoloca
248 2848 324 2908 sunt
346 2843 381 2907 in
400 2840 562 2908 Ciceronis
585 2845 788 2912 orationibus
805 2847 888 2912 male
911 2846 1036 2911 mendis
1055 2848 1168 2913 affectu

156 2955 252 3017 quam
280 2931 433 3017 plurima,
461 2932 567 2997 sanari
594 2936 720 3001 nullum
748 2936 867 3002 uideas.
913 2938 988 3000 sunt
1017 2936 1060 3000 ob
1090 2934 1169 3002 anti-

157 3021 272 3106 quitat
263 3046 291 3088 rs
249 3023 489 3087 tobscuram
515 3022 666 3088 notitiam
694 3024 851 3089 difficilia·
881 3023 954 3106 quis
982 3027 1031 3087 est
1056 3025 1098 3089 de
1119 3027 1168 3089 tot

155 3110 371 3192 interpretum
405 3130 554 3199 numero,
586 3113 642 3214 qui
674 3113 795 3176 lumine
827 3110 1066 3194 explanationis
1099 3112 1179 3180 illu,

155 3197 259 3260 sttre?
223 3189 433 3281 tdenique
466 3165 648 3265 cominunia
679 3204 693 3263 t
695 3203 806 3262 antum
838 3221 984 3285 quaeque
1016 3200 1169 3266 omnibus

113 3288 283 3368 apatent,
313 3307 350 3349 ea
377 3293 511 3353 sumunt
538 3290 578 3353 ad
605 3286 843 3370 explicandum3
874 3310 913 3351 ex
937 3288 1072 3369 abditis,
1104 3311 1168 3373 quo

156 3372 225 3436 sine
256 3373 368 3437 labore
401 3377 475 3440 et
466 3377 596 3464 mgenio
628 3396 773 3440 accessus
803 3396 871 3438 non
904 3382 966 3461 est,
939 3341 1169 3442 tdoctrinae

156 3462 227 3526 font
228 3460 303 3526 ibus
325 3462 408 3527 nihil
430 3465 595 3551 hauriunt,
569 3467 697 3529 ttcon
699 3484 797 3547 raquo
824 3463 928 3527 multa
955 3470 1169 3551 corrumpunt
