2400 3922
141 147 208 214 122
460 143 530 199 LVI.
557 132 642 199 Petro
661 140 840 213 Perpiniano.

141 305 337 393 respexerit,
364 306 392 370 01
415 328 489 372 cum
512 304 647 372 ecclesia
669 303 850 389 catholica,
878 303 963 370 idest
987 326 1061 370 cum
1082 305 1146 390 Deo,

141 395 275 463 redierit
297 396 332 462 in
356 396 503 483 gratiam,
527 400 604 460 tunc
627 415 688 480 ego
706 415 759 458 me
777 392 827 458 illi
846 393 1028 480 restituam,
1050 394 1148 461 tollam

141 486 309 552 hominem
332 491 364 550 et
388 485 524 568 ornabo,
552 487 709 568 quantum
737 482 772 547 in
798 503 852 546 me
879 482 953 566 erit,
981 483 1147 550 nullumoi

143 575 254 640 deesse
277 598 296 639 a
317 596 369 639 me
393 573 535 639 officium
558 571 677 657 patiar,
701 571 788 656 quod
810 571 852 635 001
874 571 944 636 0100
968 572 1148 658 dignitatem

114 663 478 745 coxistimstionemque
510 660 680 745 pertineat.
736 659 829 736 Quod
860 659 979 726 scribis
1011 660 1148 748 Lugduni

142 753 270 818 meliori
297 752 361 816 iam
387 750 458 815 loco
486 748 677 835 religionem
701 771 771 814 esse
794 752 827 813 01
850 748 886 814 10
909 771 946 814 eo
971 753 1006 813 te
1029 772 1147 835 operam

142 847 272 907 strenue
294 860 427 922 nauare,
453 860 520 903 non
542 838 643 903 miror
670 841 703 902 te
727 837 776 902 tui
800 837 939 903 similem
964 861 1048 926 esse,
1072 861 1148 923 prae

141 930 253 995 sertim
282 928 318 992 in
344 927 506 992 communi
534 927 651 1011 salute,
681 926 847 1011 publicem
880 948 958 992 uero
987 949 1058 993 rem
1084 949 1148 1013 que

136 1017 219 1084 tidie
251 1016 367 1082 melius
398 1016 459 1102 ire,
495 1020 607 1080 contra
639 1037 736 1100 quam
770 1019 803 1079 et
836 1017 1016 1100 sperabant
1047 1015 1148 1083 nefarii

101 1104 288 1170 rohomines
302 1109 344 1171 et
366 1105 521 1190 agebant,
544 1105 753 1169 uehementer
775 1104 910 1190 gaudeo.
956 1105 1031 1170 Rex
1054 1110 1149 1172 auten

140 1194 326 1260 adolescens
363 1216 399 1258 ac
433 1215 536 1279 paene
572 1214 654 1278 puer
687 1215 760 1258 cum
792 1193 827 1258 in
860 1192 983 1258 Christi
1018 1215 1148 1261 0000000

140 1287 233 1349 tanto
269 1283 377 1348 animo
419 1283 563 1367 coeperit
599 1282 799 1367 incumbere,
840 1302 997 1365 superare
1034 1283 1149 1349 uidetur

139 1376 279 1437 aetatem
302 1371 425 1436 uirtute
448 1376 480 1437 01
503 1371 599 1456 plane
623 1371 651 1436 is
670 1393 747 1457 esse,
771 1369 828 1455 qui
848 1371 1013 1438 maiorum
1031 1393 1149 1438 suorum

139 1460 292 1526 laudibus
321 1461 494 1545 aliquando
524 1460 726 1545 respondeat.
773 1459 953 1525 Posseuino
983 1482 1059 1527 meo
1073 1483 1149 1526 »cun

101 1550 280 1616 0000101000
303 1572 322 1615 0
344 1573 396 1615 me
420 1550 600 1637 scripseris,
626 1550 688 1614 hoc
715 1548 825 1634 addes,
852 1548 1047 1630 memoriam
1073 1549 1149 1615 illius

139 1644 271 1706 nostrae
294 1639 414 1706 ueteris
436 1639 595 1704 amicitiae
619 1660 688 1704 esse
711 1636 960 1724 periucundam,
983 1639 1043 1704 sed
1064 1638 1150 1725 longe

141 1729 246 1793 carius
277 1729 439 1813 longeque
471 1727 654 1811 iucundius,
690 1726 776 1811 00001
809 1748 919 1791 omnes
952 1725 1080 1814 ingenii
1109 1725 1151 1793 sui

140 1816 227 1880 uires
254 1816 294 1878 001
317 1814 537 1900 profligandos
560 1813 768 1898 Apostolicae
796 1815 881 1880 sedis
908 1816 1024 1880 hostes
1047 1816 1152 1881 felicis·
1188 1812 1190 1821 '

139 1903 219 1967 sime
243 1903 427 1986 profundat.
472 1901 619 1988 gratrrlor
642 1925 718 1966 0000
742 1903 867 1987 optimo
895 1903 1009 1969 iuueni
1034 1905 1073 1970 010
1099 1905 1154 1970 istu

99 1991 295 2056 0100011010
324 2012 384 2055 neo
414 1990 542 2075 dubito,
573 1990 652 2074 quin
681 2013 755 2055 eum
784 2013 924 2078 semper,
956 2014 1153 2079 quocumque

141 2084 207 2166 001,
235 2101 468 2164 quamcumque
496 2102 564 2145 rem
592 2079 813 2166 aggrediatur,
841 2102 904 2164 ope
931 2102 991 2146 000
1014 2082 1105 2148 Deus
1126 2086 1154 2146 et

140 2174 356 2255 prosequatur
384 2173 416 2233 01
439 2169 538 2234 10001.
583 2168 775 2254 Rouillium,
805 2169 986 2253 praestanti
1014 2171 1155 2236 humani·

140 2262 208 2323 1010
239 2258 358 2344 uirum,
389 2259 518 2345 egregie
549 2259 587 2322 de
616 2257 773 2345 religione
801 2257 1004 2344 sentientem,
1033 2260 1062 2324 si
1089 2282 1156 2324 meo

139 2346 270 2410 nomine
290 2347 490 2431 salutaueris,
513 2347 735 2433 gratissimum
753 2346 876 2411 feceris.
904 2346 995 2413 Vale.
1028 2348 1156 2433 Romae,

97 2452 126 2494 so
139 2430 225 2496 XIV.
248 2433 321 2500 Kal.
342 2435 419 2500 Dec.
441 2434 604 2499 MDLXV.

230 2518 312 2585 Cum
343 2522 514 2604 epistolem
547 2519 789 2608 complicarem,
825 2523 915 2589 uenit
946 2525 989 2589 001
1020 2548 1087 2610 me,
1123 2530 1157 2592 01

139 2606 236 2693 00101,
265 2608 364 2673 officii
387 2608 493 2694 gratia
516 2609 695 2674 communis
719 2611 855 2698 amicus,
885 2612 1025 2698 diligens
1051 2615 1157 2682 obser·

139 2699 234 2760 00100
258 2696 421 2761 doctrinae
444 2700 533 2783 tuae,
556 2697 715 2763 Zerbinus
737 2699 855 2766 Ritins.
901 2701 930 2767 is
952 2703 1099 2790 rogauit,
1122 2707 1156 2769 01

139 2784 277 2851 salutem
303 2785 366 2849 tibi
394 2785 461 2850 suis
488 2786 599 2851 uerbis
626 2787 850 2856 adscriberem.
897 2791 984 2875 00001
1011 2792 1096 2858 10010
1118 2792 1154 2857 li·

97 2895 127 2937 eo
140 2875 256 2942 benter
285 2878 381 2958 teque
410 2895 504 2960 rogo,
536 2876 563 2940 si
590 2880 700 2942 tamen
729 2879 791 2944 hoc
817 2879 943 2964 patitur
970 2879 1155 2948 humanitas

139 2967 209 3052 tue,
233 2969 271 3031 ut
292 2986 379 3030 ames
402 2963 553 3030 iuuenem
576 2989 684 3032 amore
707 2971 764 3034 tuo
789 2968 931 3055 dignum.

540 3236 754 3244 ἡ*
