2400 3922
111 172 156 239 34
393 170 466 227 XVI.
492 171 539 226 Ad
556 170 711 226 Antonium
727 169 848 228 Aelium.

110 334 225 400 Latine
248 333 432 421 scriberem,
454 334 602 420 urgebat.
648 338 680 398 et
703 331 868 398 scribebat
891 333 976 419 ipse,
1001 339 1041 401 ut
1063 336 1129 422 scis,

110 423 291 489 luculenter
321 427 368 487 et.
382 423 521 510 egregie.
567 422 729 505 probabat
755 420 888 486 omnino
916 443 1033 489 meum
1060 446 1129 490 con·

112 511 221 578 silium
244 516 277 577 et
300 512 468 596 efferebat,
495 511 634 576 maxime
657 510 695 573 dc
720 510 962 576 commentariis
986 511 1025 577 in
1048 511 1128 578 (lice

112 601 201 667 ronis
219 601 389 668 orationes.
426 600 482 665 sed
500 597 640 663 exerceri
661 597 804 663 malebat
822 599 917 683 prius
935 599 1127 667 industriam

85 713 218 756 smeam
254 689 289 754 in
319 687 582 772 Antiquitatibus
615 685 771 751 Romanis
808 686 881 772 ipso
918 688 1126 772 potissimum

113 784 243 845 auctore
265 776 432 842 institutis.
477 773 622 859 interim,
650 780 687 840 ut
715 774 807 860 quasi
835 798 876 840 ex
898 775 1000 842 unius
1028 778 1125 863 partis

112 869 216 934 forma
247 867 285 929 de
317 868 388 929 toto
419 863 531 929 liceret
561 862 706 928 aedificio
736 863 910 949 coniicere,
943 887 1046 932 unam
1075 865 1124 931 ali·

112 977 217 1040 quam,
240 975 322 1037 quae
340 952 505 1037 specimen
522 951 646 1039 ingenii
664 952 728 1016 mei
746 953 930 1038 praeberet,
948 954 1123 1021 orationem
1161 1002 1163 1039 ,

112 1041 291 1108 subseciuis
313 1040 403 1106 horis
426 1045 463 1107 ut
491 1040 715 1125 exponendam
738 1040 951 1128 susciperem,
977 1042 1123 1110 hortatus
1160 1100 1163 1117 .

71 1155 99 1196 ro
112 1135 169 1196 est.
220 1152 281 1217 ego
314 1129 438 1214 sumpsi
470 1152 530 1214 pro
563 1128 675 1196 Sextio
707 1151 767 1195 nec
797 1129 911 1195 multis
944 1136 1025 1216 post
1056 1153 1123 1197 eum
1160 1124 1163 1167 ¹

112 1241 292 1284 sermonem
318 1218 485 1284 mensibus
512 1219 613 1304 huno,
642 1217 698 1302 qui
726 1239 812 1283 nunc
839 1217 875 1282 in
901 1222 961 1284 tuo
987 1219 1122 1303 nomino,

111 1306 236 1373 Antoni
266 1306 357 1391 Aeli,
388 1307 578 1392 apparebit,
610 1306 877 1371 commentarium
909 1308 1052 1375 absolui.
1092 1311 1122 1373 at
1149 1356 1152 1361 -

112 1396 211 1481 quod,
241 1394 296 1459 ille
325 1396 352 1460 si
379 1395 519 1480 uiueret,
548 1394 709 1481 fecissem,
737 1399 775 1459 ut
804 1394 867 1460 hoc
895 1395 940 1482 ci,
971 1395 1121 1483 quidquid

112 1489 175 1566 est,
204 1483 347 1550 muneris
373 1484 544 1572 deferrem,
576 1483 682 1549 studio
710 1505 782 1548 mco
812 1488 1010 1570 commotus,
1041 1484 1121 1551 illius

72 1599 98 1639 ιε
112 1573 234 1640 uirtute
258 1572 427 1658 impulsus,
450 1572 535 1639 idem
556 1594 652 1656 nunc,
678 1571 793 1637 iisdem
815 1571 976 1639 adductus
998 1573 1121 1655 caussis

112 1668 221 1729 tecum
242 1662 325 1728 facio
343 1661 568 1728 libentissime.
603 1683 680 1726 nam
702 1683 776 1726 cum
798 1659 943 1726 amicitia
960 1661 1121 1729 internos

113 1758 176 1836 est,
200 1756 320 1836 quanta
343 1751 428 1816 inter
450 1751 544 1837 duos,
568 1770 704 1834 quorum
727 1753 761 1814 et
782 1749 970 1815 uoluntates
993 1755 1029 1815 ct
1049 1747 1121 1816 iudi·

112 1841 162 1904 cia
185 1839 401 1922 consentiant,
429 1860 498 1903 esse
525 1843 636 1922 potest
662 1838 815 1903 maxima:
845 1842 918 1903 tum
939 1837 1046 1905 habes
1067 1838 1121 1904 uir·

111 1931 225 2012 tutem,
247 1948 314 1990 non
332 1948 411 2011 eam,
436 1947 517 2009 quae
535 1926 660 2009 petitur
678 1947 697 1989 a
714 1926 819 2009 libris,
842 1947 924 2010 quae
941 1948 1011 1994 uno
1030 1927 1122 1994 scien
1158 1978 1163 2021 ,

71 2039 98 2080 ro
111 2014 176 2079 tiae
199 2013 328 2079 nomine
353 2013 517 2098 definitur,
541 2014 597 2079 sed
620 2034 704 2099 eam,
731 2036 814 2098 quae
837 2014 942 2080 oritur
965 2037 1007 2081 ex
1029 2012 1122 2082 animi
1157 2024 1163 2099 j

39 2116 47 2129 ‘
112 2102 311 2187 praestantia
339 2106 372 2166 et
394 2101 514 2167 multas
541 2102 576 2167 in
604 2124 638 2168 se
660 2103 772 2168 laudes
795 2103 953 2190 continet,
985 2104 1123 2171 studium
1159 2114 1163 2183 '3

112 2193 147 2259 in
168 2191 380 2277 suscipiendis
397 2190 561 2257 Ecclesiae
580 2212 692 2258 caussa
708 2190 888 2278 laboribus,
911 2192 1123 2259 constantiam

112 2283 147 2347 in
169 2281 376 2368 perferendis,
397 2281 635 2346 humanitatem
656 2281 691 2345 in
709 2279 908 2364 excipiendis
930 2280 1124 2365 hominibus,

113 2369 350 2453 benignitatem
373 2370 408 2434 in
431 2368 653 2453 subleuandis,
683 2369 870 2434 comitatem
896 2367 933 2434 in
959 2374 1124 2436 consuetu·

73 2481 100 2522 as
113 2455 186 2520 dine
210 2456 426 2540 familiarium,
450 2457 645 2541 grauitatem
667 2455 702 2519 in
725 2478 900 2542 congressu
923 2462 958 2522 et
980 2478 1124 2525 sermone

112 2542 272 2608 clarorum
294 2543 407 2626 tuique
431 2543 585 2606 similium
608 2541 762 2630 uirorum,
785 2544 924 2629 denique
947 2543 1126 2613 uoluntatis

111 2629 362 2715 propensionem
389 2630 429 2694 ad
452 2628 576 2713 optima
600 2651 746 2716 quaeque
769 2632 975 2719 singidonem.
1018 2636 1126 2721 itaque

111 2724 144 2784 te
175 2741 319 2783 summus
350 2718 405 2782 ille
437 2716 556 2781 artium
584 2718 795 2785 honestarum
826 2725 985 2806 patronus
1033 2724 1126 2788 decus

110 2807 237 2892 Italiae,
259 2806 443 2870 Alexander
463 2804 637 2871 Famesius
661 2806 838 2874 Oardjnalis
865 2810 900 2875 in
927 2775 1034 2878 oculis
1056 2813 1126 2896 fert,

71 2923 98 2962 so
111 2896 174 2961 tibi
198 2917 312 2960 arcana
335 2893 558 2980 communicat,
581 2895 647 2961 tuis
669 2896 704 2962 in
722 2898 875 2984 consiliis,
897 2897 925 2963 si
949 2899 1030 2984 quid
1053 2899 1126 2965 dcli-

113 2985 292 3051 berandum
315 2987 373 3069 est,
401 2981 548 3069 multum,
572 2985 600 3050 si
624 2985 703 3071 quid
725 2987 964 3072 perficiendum,
987 2987 1024 3054 in
1046 2987 1127 3075 uigi-

111 3075 212 3139 lantia
238 3072 415 3157 plurimum
442 3071 544 3156 ponit.
589 3079 640 3161 tu,
668 3099 732 3162 quo
760 3077 847 3162 apud
874 3075 967 3140 illum
989 3074 1128 3142 Maffcus

112 3162 189 3226 olim
218 3162 290 3226 loco
320 3161 397 3246 fuit,
428 3162 540 3229 eodem
568 3163 639 3249 ipse
668 3187 754 3230 nuuc
784 3187 819 3230 cs
848 3163 1126 3251 rectissimamque

110 3249 342 3314 laudandorum
372 3251 535 3318 actionum
565 3254 652 3317 uiam
682 3253 864 3318 obseruatis
891 3252 1001 3317 Maffei
1030 3253 1127 3319 uesti-

71 3364 98 3406 ss
112 3337 175 3424 giis
199 3337 364 3423 ingressus
387 3341 499 3427 pergis
521 3363 559 3405 eo
582 3340 769 3404 fauentibus
787 3340 984 3423 hominibus,
1008 3363 1126 3427 appro-

111 3427 210 3490 bante
233 3425 317 3512 Dec,
340 3428 398 3492 ubi
422 3428 568 3494 debitum
590 3428 644 3512 iis,
672 3427 728 3510 qui
751 3427 833 3492 bene
857 3451 894 3494 ac
915 3429 1128 3496 laudabiliter

112 3515 263 3603 uixerint,
281 3516 470 3604 praemium,
489 3536 613 3581 summa
632 3514 773 3599 dignitas
787 3516 992 3599 persoluitur.
1018 3518 1127 3584 Mouit
