2400 3922
461 188 681 255 ..71-

58 352 145 414 arida
169 361 370 431 asperguntur
389 362 420 415 et
443 355 469 415 si
487 372 562 433 opus
582 362 637 435 est,
660 354 788 415 adicitur
806 355 865 416 mel
883 365 913 417 et
932 366 966 418 ut
985 359 1078 420 cerati

57 443 159 503 teneri
192 443 417 520 spissitudinem
449 441 589 524 habeant,
623 441 678 521 [et]
713 461 819 505 rursus
851 444 959 522 patella
987 464 1077 525 super

57 531 163 608 ignem
195 531 350 608 inponitur
382 540 599 611 moventurque
633 550 708 611 quae
741 539 812 593 sunt
843 534 875 593 in
907 551 942 593 ea
974 534 1078 613 spatha

58 619 204 680 fraxinea.
242 617 388 699 Coquitur
406 620 665 700 medicamentum,
684 621 779 682 donec
798 623 952 682 crocinum
970 621 1078 683 habeat

60 707 208 790 colorem3
231 707 335 769 ultima
354 726 429 789 quae
454 717 524 769 suut
542 711 611 769 vino
630 718 777 770 macerata
801 710 985 792 adiciuntur;
1007 729 1075 772 vase
1096 723 1111 772 5

57 799 156 858 vitreo
180 796 332 857 antidotus
355 799 520 875 reponitur.
561 797 654 859 Datur
678 796 762 858 labae
780 799 940 879 Aegyptiae
964 802 1076 878 magni·

59 886 166 947 tudine
196 904 232 946 ex
260 904 344 965 aqua.
390 884 473 946 Facit
500 893 601 947 autem
629 888 719 947 etiam
747 887 783 948 ad
816 887 961 949 stomachi
989 906 1076 949 omne

57 976 167 1036 vitium
195 982 225 1034 et
252 976 413 1054 praecipue
441 976 520 1055 quod
548 993 617 1037 cum
644 975 740 1036 fluore
769 979 919 1057 consistit,
947 977 1018 1038 facit
1047 984 1077 1037 et

59 1062 96 1124 ad
122 1062 279 1124 oculorum
303 1063 461 1142 epiphoras
485 1065 574 1125 etad
603 1067 731 1126 tormina
754 1072 785 1126 et
808 1066 844 1127 ad
868 1065 930 1126 coli*
949 1065 1074 1127 Inflatio·

58 1170 138 1232 uem,
161 1153 312 1232 iocinoris,
335 1155 465 1230 pectoris
484 1152 627 1235 dolorem,
645 1156 817 1234 tussientes,
839 1155 981 1215 adversus
1001 1154 1075 1215 mala
1096 1166 1129 1216 10

59 1241 277 1303 medicamenta
297 1242 403 1320 omnia,
427 1244 612 1320 serpentium
631 1259 749 1302 morsus
768 1240 918 1302 relictus
949 1242 1076 1321 Oportet

59 1341 159 1391 autem
189 1328 288 1390 locum
316 1347 450 1389 morsum
474 1348 490 1388 a
513 1329 631 1389 rabioso
655 1348 727 1390 caue
751 1328 797 1389 vel
820 1348 836 1388 a
860 1337 1000 1407 serpente
1024 1330 1075 1391 diu

59 1426 163 1479 tenere
187 1420 219 1478 in
243 1417 464 1478 exulceratione
491 1436 588 1496 neque
611 1419 672 1496 pati
696 1419 866 1478 cicatricem
890 1418 1013 1499 ducere,
1042 1427 1076 1479 ut

58 1509 142 1567 virus
170 1506 220 1566 illa
247 1506 446 1586 pertrahatur.
492 1505 657 1567 CLXXIIII.
699 1505 790 1566 Extra
818 1508 918 1585 itaque
942 1525 976 1567 ea
1005 1514 1075 1567 sunt

58 1594 244 1676 Inponenda,
268 1614 343 1674 quae
363 1597 451 1655 etiam
475 1614 545 1656 sana
565 1613 690 1674 corpora
710 1594 895 1675 exulcerant,
919 1603 953 1656 ut
975 1595 1128 1675 alium,1o

57 1683 217 1764 lepidium,
250 1683 465 1765 chelidonium,
498 1683 697 1764 batrachium,
726 1685 850 1763 sinapIs,
878 1682 973 1764 scilla,
1002 1701 1074 1762 cepa

58 1791 129 1834 cum
152 1781 245 1833 aceto.
282 1771 401 1850 Optime
420 1773 491 1832 facit
514 1782 544 1832 et
566 1790 671 1852 perse
691 1773 823 1850 caprifici
845 1770 921 1833 liber
940 1771 1009 1851 [per
1028 1771 1073 1848 se]

58 1864 209 1923 contritus
233 1867 263 1921 et
285 1861 433 1940 inpositus
457 1861 564 1941 ulceri;
587 1863 658 1921 item
682 1862 760 1921 laser
782 1879 836 1940 per
860 1879 901 1923 se.

149 1948 283 2010 CLXXV.
323 1948 381 2009 Sed
405 1949 499 2010 multo
523 1951 616 2027 magis
640 1949 792 2029 emplastri
814 1950 905 2012 huius
927 1953 972 2012 vis
996 1952 1074 2033 facit,

60 2038 141 2118 quod
165 2038 297 2116 Augusta
324 2046 448 2117 propter
472 2038 618 2098 eiusmodi
641 2056 728 2098 casus
755 2037 859 2099 hahuit
886 2042 1075 2120 conpositum
1093 2049 1128 2100 20

59 2134 90 2188 et
122 2126 226 2187 multis
256 2127 378 2205 proluit.
428 2127 606 2204 Accepimus
639 2144 654 2186 a
687 2126 846 2206 Tryphone
878 2137 1074 2207 praeceptore

57 2223 176 2277 nostro:
209 2213 265 2275 Iris
298 2214 431 2293 Illyricae
463 2235 491 2294 p.
515 2214 541 2274 ll
569 2213 601 2295 V,
634 2217 761 2276 castorei
791 2214 910 2276 Pontici
941 2236 970 2295 p.
992 2216 1018 2276 II
1042 2216 1074 2297 V,

58 2304 219 2384 caprificus
242 2303 328 2364 lactis
351 2303 426 2363 aridi
449 2302 518 2381 pli
537 2302 569 2384 V,
593 2305 674 2363 cauis
697 2305 776 2380 nigri
795 2302 889 2382 adipis
912 2304 981 2383 pil
1000 2304 1074 2385 Vlll,

58 2393 193 2454 eiusdem
214 2393 366 2470 sanguinis
390 2390 458 2470 pli
476 2391 516 2473 X,
539 2393 656 2452 resInae
675 2391 893 2453 terebinthinae
911 2392 981 2472 pli
1000 2392 1075 2476 VIII,

58 2480 170 2562 leporis
191 2480 306 2559 coaguli
328 2498 357 2559 p.
377 2478 403 2538 II
425 2480 493 2561 IIII,
517 2481 587 2542 salis
610 2483 786 2542 ammoniaci
808 2499 837 2560 p.
857 2480 881 2542 it
905 2481 944 2564 11,
968 2482 1073 2545 laseris
1092 2492 1127 2543 to

59 2569 214 2650 Cyrenaici
241 2568 314 2647 pli
341 2568 368 2629 II
396 2578 447 2630 aut
475 2569 588 2650 Syriaci
615 2568 689 2649 pli
717 2569 785 2645 llll,
818 2589 904 2633 cerae
932 2571 1073 2634 Ponticae

58 2677 84 2739 p.
104 2658 132 2718 it
156 2656 289 2738 XXXVI,
312 2656 370 2717 olei
393 2661 502 2720 veteris
526 2659 625 2740 cyathi
648 2659 716 2739 duo,
740 2661 817 2720 aceti
840 2660 956 2722 scillitis
976 2663 1074 2741 cyathi

58 2754 129 2808 tres.
177 2747 267 2807 Arida
296 2765 331 2806 ex
360 2753 442 2806 aceto
471 2755 624 2829 teruntur,
658 2766 733 2826 quae
761 2749 908 2826 liquefieri
937 2760 1073 2828 possunt,

59 2836 122 2897 oleo
143 2835 179 2896 ad
203 2838 302 2912 ignem
325 2833 483 2912 liquefacta
506 2838 673 2896 miscentur
690 2838 832 2896 mortario
851 2837 931 2895 tritis
950 2845 981 2897 et
999 2842 1072 2895 tem·

59 2925 170 3004 peratis
193 2925 224 2983 in
248 2920 344 2982 mellis
368 2921 599 2999 spissitudinem.
636 2921 738 2982 Vitreo
761 2924 924 3001 reponitur.
1001 2950 1003 2954 ⁴
1091 2941 1126 2991 30

129 3136 145 3185 2
166 3133 195 3183 et
214 3134 277 3184 ante
296 3145 390 3183 rursus
408 3128 518 3184 inclusi.
581 3132 614 3181 13
629 3124 837 3181 exulceratione
850 3142 910 3196 epo:
930 3127 1072 3182 exulcera-

59 3201 163 3256 tionem
184 3201 219 3255 R.
277 3198 428 3254 stallium
444 3198 480 3253 R.
536 3203 570 3252 16
589 3195 758 3253 celidonium
772 3197 808 3252 R.
862 3197 1022 3254 batracium
1035 3196 1071 3252 R.

62 3277 91 3326 tr
105 3289 158 3342 per
176 3287 205 3326 se
224 3272 334 3325 ioclnsa'.
404 3275 436 3323 19
456 3274 520 3324 ante
538 3267 594 3324 Sed
611 3268 702 3323 multo
720 3268 837 3322 teneruit
852 3268 881 3323 R
898 3285 932 3324 ecc
950 3270 1073 3324 lemmate

60 3341 248 3412 Emplastrum
278 3340 437 3395 antidotum
464 3341 537 3410 quod
563 3340 656 3395 delent.
735 3343 771 3392 20
799 3340 873 3407 quod
901 3339 1073 3428 Stephanus:

60 3430 112 3483 quo
127 3414 164 3468 R.
225 3418 257 3465 21
274 3412 417 3480 Triphone
431 3412 472 3480 R;
491 3412 526 3478 cf.
542 3411 604 3466 Gal.
619 3408 685 3476 XII,
700 3413 752 3464 843
770 3406 926 3479 Τρύφωνος
939 3408 1070 3480 nexum

60 3489 94 3538 tt
110 3482 250 3553 cyrenaici
267 3483 305 3538 R.
368 3488 402 3537 29
421 3483 575 3552 hquefacta
592 3497 651 3552 ego:
670 3478 825 3550 liquefacto
839 3481 877 3536 R.
942 3487 977 3537 80
995 3476 1058 3535 viss

59 3557 98 3609 cel
116 3555 208 3608 vitreo
226 3569 294 3608 vase
312 3552 401 3608 uoco.
