2430 3922
143 169 185 234 66
399 167 499 222 XXXI.
523 166 619 221 Marco
637 164 760 220 Antonio
779 165 897 221 Murato.

142 329 246 402 nostri
269 329 467 415 ualetudine,
494 351 568 394 cum
590 327 751 413 rescribis,
774 326 853 392 adde
876 327 1028 412 uerbum,
1055 325 1084 392 si
1106 350 1156 393 me

143 440 239 483 amas.
276 417 366 483 Vale.
402 416 562 504 Venetiis,
584 416 679 482 nonis
697 415 800 502 Sept,
823 436 886 500 quo
908 436 961 480 me
984 413 1036 480 die
1060 415 1158 482 disce·

144 508 218 572 dare
242 507 439 593 cogitantem
460 528 546 572 noua
568 529 619 571 res
643 504 789 570 detinuit.
827 501 1034 590 [MDLVIH]

591 927 708 994 XXXI.

121 1083 148 1163 a·
210 1071 337 1136 Marco
361 1069 532 1135 Antonio
555 1068 709 1135 Murato
733 1066 937 1135 Patauium
961 1077 1024 1148 (111,
1040 1077 1096 1146 aa).

157 1222 160 1227 ’
238 1213 443 1278 Laborabam
473 1212 682 1277 uehementer
715 1212 753 1276 de
786 1211 888 1277 amico
921 1215 1046 1276 nostro:
1078 1232 1164 1277 nunc

149 1302 293 1368 animum
325 1323 433 1366 meum
465 1301 634 1366 constituit
665 1301 774 1386 aliquo
811 1298 987 1387 interdum,
1018 1304 1056 1364 ut
1088 1322 1165 1366 uere

150 1392 262 1476 dicam,
281 1395 370 1455 metu
388 1390 599 1455 fluctuantem
617 1388 756 1474 epistola
773 1393 838 1453 tua.
870 1393 968 1473 atque
986 1388 1028 1452 ad
1041 1393 1166 1454 metum

151 1480 323 1545 accedebat
356 1477 545 1564 indignatio.
583 1478 682 1563 quid?
719 1477 834 1542 uirtuti
866 1499 906 1541 ne
939 1476 1042 1542 deerit
1075 1500 1166 1543 orna-

112 1593 137 1632 1
150 1573 295 1634 mentum
318 1572 375 1632 aut
398 1567 495 1631 etiam
517 1567 616 1652 locus,
639 1566 697 1631 ubi
725 1567 902 1632 consistat?
937 1570 1030 1630 tanta
1052 1589 1094 1631 ne
1119 1569 1167 1632 est

150 1664 336 1742 temporum
363 1656 518 1740 iniquitas
546 1661 578 1720 et
605 1657 773 1721 hominum
799 1655 835 1719 in
862 1654 928 1719 suis
956 1655 1052 1720 bonis
1076 1655 1167 1742 igno-

149 1746 256 1812 ratio?
282 1746 361 1810 haec
385 1767 446 1831 ego
465 1744 656 1829 quandoque
674 1766 808 1809 mecum.
843 1765 930 1808 nunc
951 1765 1073 1809 uacuus
1093 1764 1168 1808 cura

151 1836 216 1899 iam
245 1855 317 1898 sum
347 1837 389 1897 et·
409 1855 449 1897 ex
477 1855 528 1916 eo,
557 1833 643 1917 quod
676 1832 854 1919 significas,
882 1836 918 1896 ut
945 1832 980 1896 in
1013 1837 1168 1917 exoptata

151 1924 290 2004 fortuna,
317 1920 492 2004 triumpho.
538 1921 637 1985 uelim
660 1921 762 2007 igitur
789 1921 818 1984 ei
837 1943 908 1985 meo
935 1920 1066 1985 nomine
1098 1944 1168 2008 gra·

112 2031 138 2072 15
151 2009 273 2074 tuleris.
318 2008 405 2073 Tuos
427 2028 549 2092 uersus,
571 2013 628 2072 tua
650 2010 753 2073 fretus
775 2009 984 2093 humanitate,
1006 2009 1073 2073 iam
1097 2033 1170 2094 pro-

152 2098 310 2163 miseram.
348 2119 403 2161 eos
422 2098 618 2180 exspectabo
637 2096 780 2180 minima,
804 2098 831 2162 si
845 2097 915 2161 fieri
934 2102 1052 2182 potest,
1071 2097 1170 2163 inter·

151 2186 259 2272 posita
282 2207 379 2250 mora.
424 2208 484 2250 nec
506 2190 543 2251 tu
566 2185 664 2250 uelim
682 2209 733 2250 me
753 2186 904 2250 diuturna
927 2187 1169 2269 exspectatione

152 2277 257 2341 ducas
302 2274 363 2339 Hla
390 2274 431 2338 ad
452 2275 542 2358 illos,
571 2274 626 2359 qui
652 2280 685 2339 te
711 2296 877 2358 nunquam
899 2279 1060 2359 amarunt,
1090 2298 1171 2359 quos

152 2363 235 2429 male
264 2363 327 2428 scis
355 2363 465 2427 audire
493 2386 551 2428 suo
578 2364 708 2448 merito,
741 2386 797 2427 cur
828 2385 894 2427 non
925 2363 1102 2428 transferas
1131 2364 1171 2428 ad

112 2474 140 2513 ao
153 2451 255 2516 alios?
293 2450 441 2535 equidem
468 2453 595 2516 suadeo,
646 2451 732 2535 quod
759 2452 787 2515 si
818 2455 962 2516 tenerem
994 2453 1171 2535 ὑπόθεσιν,

44 2544 45 2547 ’
153 2539 247 2605 facile
272 2538 419 2621 dicerem,
442 2538 482 2602 ad
505 2561 609 2622 quem.
655 2562 707 2604 me
730 2562 749 2603 a
771 2539 897 2604 lusibus
924 2537 979 2605 καὶ
1003 2539 1067 2606 ἀπὸ
1092 2541 1171 2606 πάν-

152 2651 221 2692 των
247 2638 316 2692 τῶν
350 2625 516 2710 ἐρωτικῶν
548 2627 644 2710 plane
671 2633 801 2692 reuocat
830 2651 896 2693 non
921 2627 1026 2693 solum
1055 2634 1173 2694 natura

153 2738 233 2799 mea,
252 2715 309 2780 sed
327 2719 415 2779 aetas
434 2715 531 2779 etiam
550 2716 709 2780 senectuti
728 2716 871 2800 propior.
907 2716 1027 2801 itaque,
1047 2716 1075 2782 si
1095 2718 1173 2801 quid

153 2804 268 2868 adme
292 2803 428 2886 scribes,
455 2825 594 2890 remoue,
618 2806 733 2870 amabo
757 2810 803 2890 te,
828 2805 948 2890 omnia,
972 2827 1053 2889 quae
1077 2805 1173 2870 Plato

115 2913 141 2956 aa
156 2892 308 2957 dilexisse
332 2891 473 2978 uidetur,
501 2892 692 2978 ἀφροδίσια.
736 2893 911 2979 Intelligis,
936 2894 1066 2979 opinor,
1095 2894 1175 2978 quid

155 2983 349 3068 significem,
377 2986 410 3045 et
444 2982 531 3065 quod
559 2982 720 3068 significo,
752 2987 863 3065 petere
890 3005 941 3045 me
974 2983 1027 3045 uel
1055 3005 1174 3067 cupere

156 3073 263 3154 etiam,
287 3071 315 3136 si
338 3092 389 3134 me
413 3075 510 3154 putas
533 3070 699 3156 ingenium
722 3075 815 3134 tuum
832 3092 937 3154 nosse,
961 3071 1174 3135 existimabis.

155 3159 205 3222 De
238 3158 465 3224 beneuolentia
492 3163 548 3223 tua
581 3160 641 3224 etsi
673 3180 848 3243 numquam
879 3158 1040 3245 dubitaui,
1068 3182 1109 3223 ex
1142 3164 1175 3224 te

155 3251 265 3310 tamen
287 3247 360 3330 ipso
385 3269 435 3333 ea,
458 3268 539 3333 quae
563 3252 656 3335 opto,
682 3247 896 3312 libentissime
924 3247 1029 3313 audio.
1066 3269 1176 3332 quam·

117 3356 144 3396 ao
158 3356 255 3417 quam
282 3335 322 3398 ad
350 3336 493 3401 studium
521 3335 555 3399 in
582 3341 615 3401 te
642 3358 751 3401 meum
777 3336 860 3401 nihil
887 3336 976 3400 addit
1003 3337 1104 3401 studii
1127 3335 1176 3400 tui

156 3424 426 3489 commemoratio.
471 3446 537 3489 non
560 3424 646 3489 enim
668 3430 702 3489 te
725 3447 830 3490 amare
854 3423 956 3509 coepi,
978 3429 1016 3488 ut
1033 3425 1106 3508 ipse
1124 3447 1176 3489 me

158 3533 294 3597 amareS,
323 3512 379 3577 sed
408 3514 495 3598 quod
522 3513 693 3578 amabilem
721 3513 830 3596 ipsum
858 3535 927 3578 esse
956 3513 1033 3577 duxi
1063 3513 1177 3578 multis
