2400 3922
440 123 535 180 11111.
559 124 604 178 aa
622 123 703 180 num
721 125 769 185 ru.
1048 129 1109 195 101

69 287 237 352 uirorum
261 285 405 372 scriptis,
430 285 548 370 quibus
571 286 711 351 humano
734 286 846 373 generi
870 285 1018 366 salutaris
1042 291 1113 355 doo-

73 376 171 442 trina
214 375 418 458 continetur,
455 375 661 440 emendandis
697 376 891 460 edendisque
923 399 1112 459 praeessem.

72 487 146 550 quo
173 464 213 528 in
238 485 374 528 munere
398 462 425 527 si
448 463 542 546 mibi,
567 485 634 529 non
657 464 728 529 dico
752 487 887 550 magnos
909 465 1038 530 labores
1061 489 1114 530 ex-

73 553 213 638 cipere,
234 551 325 704 &quis
344 551 431 616 enirn
454 552 540 616 bono
559 551 630 616 uiro
649 553 743 617 labor
766 558 816 617 est
839 574 899 636 pro
918 553 1114 618 1111111111-

74 641 204 708 clesiae
262 639 413 726 gnitate,
444 639 528 704 idest
555 662 616 724 pro
648 641 809 705 communi
833 641 936 705 salute
968 663 1114 706 recusan-
1141 665 1154 705 s

76 728 191 818 dus?)
239 728 298 794 sed
330 728 357 793 si
394 727 496 793 uitam
532 728 638 812 fpsam
674 730 869 812 profundere
906 753 988 814 opus
1021 735 1115 814 esset,

79 817 225 906 egregie
250 839 379 881 mecum
397 821 505 881 actum
528 822 686 901 putarem.
722 816 831 902 Atque
851 840 911 903 ego
930 819 1019 883 illam
1038 841 1114 883 sane

81 905 323 972 incredibilem
347 905 439 992 capio
463 905 676 990 uoluptatem,
701 906 795 991 quod,
818 928 891 971 cum
914 908 1115 991 praeclarum

84 1017 158 1061 esse
183 994 274 1059 nihil
298 997 438 1079 constet,
462 994 541 1078 quin
564 994 650 1060 idem
672 1017 845 1079 operosum
869 999 902 1059 et
924 996 1114 1080 perdifficile

48 1056 56 1157 1
85 1084 138 1168 sit,
162 1084 232 1147 hac
255 1087 366 1146 tamen
384 1082 419 1146 in
436 1105 470 1146 re
490 1083 638 1148 omnium.
652 1083 870 1167 pulcherrima
892 1105 930 1147 ac
952 1089 1154 1166 praestan-10

88 1172 221 1238 tissima
250 1171 349 1255 plane
382 1192 493 1236 omnes
525 1171 733 1236 difficultates
764 1176 825 1236 tua'
852 1175 922 1236 tum
955 1173 1114 1236 excellens

90 1259 285 1344 liberalitas,
304 1263 374 1323 tum
393 1259 565 1346 singularis
580 1260 739 1344 sapientia
757 1260 898 1326 sustulit.
936 1260 1010 1343 quis
1029 1260 1115 1325 enim

94 1371 252 1434 umquam
285 1352 352 1412 tam
387 1347 560 1434 diligenter
594 1348 748 1432 pecunias
778 1349 923 1434 collegit,
954 1371 1051 1433 quam
1078 1353 1114 1412 tu

96 1437 240 1503 libenter
264 1435 415 1520 effundis,
443 1440 479 1500 ut
503 1440 619 1500 exeant
642 1437 759 1520 optimi
782 1437 869 1520 libri,
892 1437 947 1499 alii
971 1437 1114 1501 nondum

99 1526 182 1610 editi,
207 1547 348 1610 quorum
371 1524 489 1588 notitia
511 1524 725 1589 rectissimam
753 1526 793 1587 ad
820 1525 944 1588 fontem
967 1525 1115 1588 ueritatis
1129 1546 1154 1586 15

98 1615 181 1679 niam
200 1613 354 1697 ostendit,
378 1612 433 1676 alii
455 1613 501 1677 sic
520 1613 689 1696 emendati,
712 1634 752 1676 ne
772 1633 836 1695 qua
855 1612 996 1695 supersit
1014 1612 1114 1695 labes,

100 1725 177 1786 quae
201 1701 429 1786 imperitorum
452 1702 576 1766 animos
594 1701 722 1766 obiecta
739 1700 839 1765 falsae
858 1700 1021 1764 doctrinae
1045 1723 1115 1784 spe-

101 1791 143 1855 cie
167 1791 275 1875 possit
307 1790 459 1853 inficere?
496 1812 560 1873 quo
589 1789 719 1874 quidem
747 1793 842 1853 antea
869 1788 954 1852 malo
977 1788 1114 1853 nimium

99 1879 242 1966 grauiter
259 1877 488 1943 laborauimus.
512 1878 637 1943 utinam
656 1878 695 1943 iis
718 1878 877 1962 remediis,
901 1900 982 1962 quae
1001 1901 1115 1963 paran-
1183 1938 1187 1949 ,

98 1973 157 2051 tur,
187 1967 320 2032 omnino
344 1966 441 2030 liceat
468 1967 703 2031 conualescere!
737 1967 823 2051 quod
851 1967 897 2031 ita
924 1967 1019 2031 facile
1043 1989 1114 2030 eon·
1129 1989 1154 2028 11

49 2068 57 2101 ³
100 2077 283 2141 sequemur,
311 2055 458 2119 simodo
482 2055 518 2138 is,
543 2056 600 2138 qui
624 2055 822 2139 optimarum
846 2060 878 2119 et
902 2055 1114 2118 maximarum

51 2138 55 2151 ⁴
98 2149 210 2210 auctor
239 2143 467 2228 perfectorque
500 2165 607 2208 rerum
639 2148 703 2228 est,
736 2143 864 2207 affuerit
897 2143 993 2206 Deus.
1039 2163 1114 2204 nam

48 2306 51 2315 ‚
97 2255 155 2298 nos
178 2232 325 2317 quidem,
352 2237 389 2295 ut
418 2232 537 2316 opibus
560 2232 738 2314 ualeamus,
765 2235 802 2295 ut
826 2230 972 2295 acumine
995 2228 1114 2294 mentis

97 2320 304 2403 excellamuS,
328 2342 425 2403 quarn
447 2324 557 2384 tamen
580 2320 699 2384 infirmi
723 2320 823 2385 simus
847 2319 887 2382 ad
911 2318 1027 2404 omnia,
1050 2318 1114 2382 nisi

97 2408 324 2493 praepotentis
356 2408 417 2471 Dei
450 2430 511 2491 ope
544 2408 728 2491 fulciamur,
761 2430 858 2492 quam
891 2407 987 2491 plane
1020 2407 1155 2491 1111111

96 2498 159 2562 nisi
183 2496 330 2561 eiusdem
357 2496 428 2560 luce
452 2518 616 2582 regamur,
643 2497 820 2562 multorum
847 2496 1056 2580 turpissimus
1084 2501 1116 2561 et

96 2585 300 2651 miserrimus
324 2585 430 2649 exitus
453 2584 602 2649 ostendit.
640 2585 713 2667 quis
736 2608 834 2669 porro
853 2586 1028 2650 affuturum
1047 2607 1115 2649 esse

95 2673 202 2739 Deum
227 2673 366 2756 dubitet,
389 2673 416 2737 si
440 2672 675 2737 sanctissimam
697 2673 785 2737 illius
809 2674 996 2757 doctrinam,
1020 2695 1116 2757 quam

96 2761 283 2847 praeceptis
307 2760 499 2825 declaratam
525 2760 676 2843 plurimis
706 2783 763 2825 suo
793 2761 922 2825 demum
948 2762 1018 2844 ipse
1047 2782 1117 2824 san-

95 2850 486 3022 dtlfuzsstlttlf
504 2849 656 3002 {limati}
673 2849 992 3002 {tullifelt
1011 2846 1115 3017 ful?
1130 2869 1156 2908 ³⁰

478 2989 487 3022 7

96 3027 245 3092 memus?
282 3025 354 3090 Hoc
381 3030 418 3090 tu
446 3026 580 3111 scilicet,
611 3026 668 3090 Pie
695 3025 861 3107 Pontifex,
888 3023 944 3087 illo
974 3021 1116 3105 primum

96 3114 211 3180 uidisti
244 3114 309 3197 die,
342 3136 405 3198 quo
437 3120 469 3179 te
501 3115 535 3179 in
563 3114 688 3197 excelsa
720 3115 783 3178 ista
814 3111 887 3176 sede
920 3112 1050 3174 fauente
1083 3114 1116 3174 et

97 3203 305 3288 approbante
334 3203 443 3268 diuino
472 3202 597 3287 Spiritu
625 3202 769 3266 omnium
798 3199 1014 3265 Cardinalium
1047 3221 1115 3264 sen-

97 3292 202 3357 tentia
226 3291 407 3356 collocauit.
451 3313 556 3375 neque
579 3313 656 3355 uero
680 3289 792 3354 uidisti
811 3288 924 3373 solum,
948 3289 1034 3373 quod
1052 3288 1115 3353 tibi
1129 3307 1157 3350 as

96 3381 237 3444 fortasse
267 3401 340 3443 curn
367 3379 479 3444 multis
502 3401 670 3444 commune
694 3400 763 3442 esse
786 3377 906 3463 potuit,
930 3378 985 3442 sed
1009 3377 1115 3461 etiam,

97 3468 132 3532 in
156 3491 222 3552 quo
246 3467 379 3551 propria
402 3468 464 3532 tibi
488 3468 624 3532 debetur
646 3467 726 3550 laus,
749 3471 895 3531 accurate
914 3465 1115 3551 praestitisti.
