2400 3922
475 84 696 150 -59-

166 245 318 308 CXXXVI.
359 247 472 326 Purgat
499 265 570 326 ergo
598 246 675 309 helle
704 249 866 330 chamelea,
895 269 970 330 quae
1000 252 1095 314 herba

69 337 168 398 olivae
193 335 261 396 folia
293 335 400 397 similia
428 335 530 417 hahet,
560 355 688 417 quorum
717 340 849 417 quinque
877 339 923 400 vel
947 358 999 400 sex
1023 341 1094 402 dare

70 432 202 506 oportet,
226 426 296 485 trita
319 443 356 485 ex
379 442 473 504 aquae
497 424 609 486 mulsae
633 425 747 505 cyathis
765 426 819 486 llll
838 427 971 509 frigidae,
996 431 1021 488 si
1045 430 1094 490 ad·

71 521 180 576 suetus
205 515 275 594 erit,
304 516 352 574 sin
378 516 478 574 minus
506 513 618 574 calidae
646 515 760 576 adiecto
789 512 904 596 <salis>
933 515 1093 579 cocleario:

72 601 208 664 detrahit
232 604 312 662 enim
335 620 442 680 aquam
465 602 594 681 largiter.
1113 620 1129 670 5

164 689 244 751 Blles
270 698 378 770 purgat
406 698 437 752 et
463 690 550 751 filicis
577 691 661 752 radix
688 690 748 753 lota
780 699 810 753 et
842 711 909 754 rasa
942 702 1030 773 atque
1061 696 1093 755 in

71 781 213 841 minimas
238 779 400 857 particulas
424 782 543 840 concisa
567 788 710 859 quantum
735 780 832 860 placet
855 789 938 843 aceto
963 800 1093 863 aspersa,

71 877 159 930 cocta
182 875 217 928 ut
240 866 324 946 solet,
348 864 422 948 <et>
446 869 487 928 ita
510 887 579 928 cum
602 871 687 948 panis
716 869 880 949 quadrante
908 879 1093 950 consumpta.

164 955 329 1017 CXXXVII.
370 955 451 1017 Bene
483 964 592 1036 purgat
624 965 654 1018 et
685 957 758 1019 haec
787 961 968 1038 conpositio:
1004 960 1093 1021 Alces

71 1046 224 1107 victoriati
242 1045 368 1125 pondus,
388 1044 581 1124 colophoniae
599 1049 747 1107 victoriati
767 1048 885 1125 pondus
908 1067 967 1109 una
990 1057 1092 1110 terun·
1113 1064 1135 1112 lt

71 1143 137 1215 tur,
161 1133 291 1194 adicitur
308 1133 405 1194 mellis
420 1134 500 1213 quod
520 1137 591 1194 satis
613 1135 713 1195 estad
733 1135 896 1213 colligenda
920 1155 963 1197 ea.
1000 1136 1093 1198 Datur

72 1242 110 1284 ex
133 1239 229 1301 aquae
252 1221 364 1283 calidae
386 1221 433 1282 vel
456 1223 580 1300 frigidae
608 1222 721 1302 cyathis
751 1230 900 1302 quattuor.
947 1223 1010 1285 IIee
1033 1242 1094 1284 me·

71 1311 277 1373 dicamentum
300 1311 486 1372 stomachum
509 1329 570 1371 non
592 1313 771 1389 conrumpit.

165 1397 343 1460 CXXXVIII.
376 1398 495 1461 Globuli
513 1401 638 1460 mirifice
656 1407 827 1479 purgantes,
847 1401 900 1478 qui
918 1407 951 1460 ut
970 1417 1093 1461 sumun-

72 1497 138 1570 tur,
160 1489 203 1548 ita
225 1489 336 1565 integri
359 1489 530 1549 deiciuntur
553 1507 609 1549 nec
632 1488 753 1549 laedunt
776 1488 974 1549 stomachum:
1009 1487 1092 1549 Colo·
1112 1504 1135 1552 12

72 1576 203 1656 phoniae
225 1595 254 1656 p.
278 1575 304 1636 X
327 1576 401 1657 Vlll,
424 1576 527 1638 bdellii
549 1596 576 1656 p.
598 1577 624 1655 X
648 1576 683 1658 ll,
707 1578 830 1637 commis
853 1575 927 1656 pX
950 1576 971 1638 l.
1012 1575 1093 1638 Ilaec

72 1668 146 1727 trita
174 1683 246 1726 suco
274 1664 406 1726 lactucae
435 1665 615 1744 colliguntur
643 1672 674 1726 et
696 1666 849 1744 finguntur
876 1664 985 1744 pilulae
1009 1665 1093 1726 fabae

72 1753 297 1833 magnitudinis.
343 1753 457 1815 Dantur
485 1773 502 1813 a
529 1754 627 1815 trihus
654 1753 756 1833 pilulis
784 1772 879 1834 usque
908 1754 945 1815 ad
968 1762 1093 1837 septem,

71 1851 166 1922 prout
188 1844 278 1903 unius
301 1844 448 1921 cuiusque
471 1844 550 1902 vires
573 1845 736 1922 patiuntur.

165 1929 357 1992 CXXXVIHI.
390 1930 517 2010 Globull,
536 1933 587 2010 qui
611 1933 699 1992 etiam
719 1933 833 1993 cenatis
851 1931 961 1993 dantur
981 1940 1012 1992 et
1030 1932 1092 1992 elfi-
1112 1946 1135 1995 nr

72 2023 160 2081 ciunt
185 2037 272 2080 mane
301 2019 391 2099 deici,
421 2019 500 2098 quod
529 2021 600 2080 satis
629 2022 682 2080 sit:
715 2018 914 2098 Colophoniae
942 2038 970 2098 p.
995 2019 1093 2098 XIII,

71 2109 154 2170 aloes
181 2126 210 2188 p.
239 2107 265 2166 X
293 2106 358 2188 llll,
392 2108 578 2186 tragacanthi
605 2126 633 2186 p.
657 2106 683 2166 ll
706 2107 740 2167 II.
791 2106 854 2168 Hoc
887 2108 984 2186 pridie
1017 2125 1094 2186 aqua

71 2203 258 2276 maceratur,
291 2204 412 2275 postero
445 2196 493 2257 dle
530 2198 638 2257 ceteris
678 2196 873 2276 admiscetur3
910 2196 986 2255 liunt
1025 2195 1093 2255 inde

71 2284 189 2364 globuli
221 2284 304 2346 labae
341 2285 562 2364 magnitudInis.
615 2284 729 2346 Dantur
757 2302 774 2345 a
801 2283 900 2345 trihus
932 2301 1028 2364 usque
1056 2283 1092 2344 ad

72 2382 200 2456 septem,
217 2380 308 2452 prout
326 2375 471 2453 cuiusque
491 2376 570 2435 vires
589 2375 753 2453 patiuntur.
797 2372 989 2435 Stomachum
1011 2371 1093 2433 nullo
1112 2389 1135 2438 nt

72 2463 163 2523 modo
186 2469 301 2523 vexant.

165 2549 247 2612 CXL.
288 2550 333 2610 hd
360 2553 473 2612 taenias
505 2551 653 2613 necandas
680 2547 754 2630 <et>
782 2550 931 2612 eicIendas
958 2569 1013 2630 per
1042 2553 1094 2611 tri-

72 2639 169 2700 duum
193 2638 283 2699 alium
302 2639 464 2718 plurimum
484 2640 551 2701 edat
575 2649 605 2700 et
626 2646 792 2700 veteratum
817 2657 936 2700 caseum
960 2636 1094 2718 mollem3

73 2728 241 2789 secundum
264 2727 321 2788 hoo
345 2727 432 2789 filicis
454 2727 661 2788 Macedonicae
689 2727 788 2786 aridae
817 2735 958 2787 contusae
983 2732 1012 2785 et
1036 2727 1094 2786 cri·

148 2951 347 3006 lehamaelea
364 2950 441 3006 LR.
514 2948 593 3005 4sin
611 2949 651 3003 L:
671 2947 696 3001 si
714 2947 750 3002 R.
815 2946 882 3003 selis
900 2947 1001 3003 addidi
1018 2963 1032 3003 e
1050 2949 1093 3003 M

72 3020 209 3077 cocliario
223 3021 258 3077 L.
329 3022 499 3091 iadsperea
512 3021 559 3074 M:
578 3035 708 3089 aspersas
721 3017 757 3075 R.
826 3019 944 3074 8cocta
960 3018 1008 3073 M:
1028 3035 1096 3074 eon·

74 3093 137 3148 dito
155 3093 193 3148 B.
268 3095 298 3148 et
315 3093 415 3148 additu
437 3109 451 3147 e
471 3092 514 3147 M.
591 3090 673 3160 panis
693 3090 742 3144 M:
770 3090 864 3159 pondo
883 3088 923 3156 R3
952 3106 991 3144 aa
1013 3090 1094 3160 panis

71 3163 189 3234 pondo?
281 3169 314 3218 10
338 3163 490 3232 colophoni
512 3163 551 3217 L:
576 3159 732 3217 colofoniae
748 3159 785 3217 R.
877 3165 910 3214 11
930 3159 985 3230 est]
1005 3160 1043 3215 eit
1061 3160 1100 3217 M

73 3241 108 3290 13
128 3233 291 3303 conrumpit
305 3233 345 3289 L:
365 3233 519 3304 corrumpil
536 3232 571 3288 R.
629 3237 662 3286 15
681 3229 833 3301 colophoni
846 3230 874 3285 L
898 3230 1051 3287 colofoniae
1066 3231 1095 3285 R

74 3311 108 3361 18
128 3322 147 3360 a
164 3304 256 3360 tribur
270 3305 317 3360 M:
335 3305 450 3375 paribus
468 3305 504 3359 R.
568 3309 603 3358 20
622 3300 735 3358 cenanti
749 3302 782 3357 L.
848 3307 882 3356 nt
902 3300 1055 3371 colophoni
1068 3301 1096 3355 L

72 3375 235 3433 colofoniae
250 3375 285 3431 R.
342 3382 376 3431 2⁷
390 3375 501 3430 taeniae
513 3374 617 3430 Rhoda
635 3373 726 3428 ilneas
740 3372 811 3427 LR.
863 3375 892 3428 et
905 3373 1004 3428 addidi
1022 3389 1036 3428 e
1051 3371 1096 3429 M.

72 3453 108 3503 28
128 3446 225 3504 eleum
241 3445 276 3500 L.
350 3452 385 3501 29
404 3446 500 3503 aridae
519 3446 652 3502 contusae
671 3444 717 3500 M:
736 3445 870 3502 contusae
890 3444 985 3500 aridae
1004 3443 1040 3501 R.
1130 3484 1135 3513 r
